3706 5544
309 464 349 530 20
851 457 928 510 Buch
944 457 1067 513 Henooh

308 622 489 706 ἐκλεκτοὺς
503 624 595 694 ἐσται
610 619 812 712 συντήρησις
831 625 887 692 καί
905 617 1032 710 εἰρήνη,
1053 625 1109 692 καὶ
1130 615 1184 692 ἐπ’
1205 615 1330 702 αὐτοὺς
1352 626 1489 711 γένηται
1512 624 1617 708 ἔλεος,

308 729 363 792 καί
390 725 525 794 ἔσονται
550 718 678 802 πάντες
704 725 768 791 τοῦ
794 725 892 804 θεοῦ,
922 726 979 789 καί
1010 717 1076 807 τὴν
1103 715 1259 791 εάδοκίαν
1284 719 1385 792 δῶσει
1413 716 1530 804 αὐτοῖς
1559 730 1616 794 καί

308 817 441 904 πάντας
463 818 636 910 εὖλογὴσει
658 827 725 906 Ικαλ
745 816 889 892 πάντων
910 816 1169 909 άντιλὴμψεται,
1190 826 1247 889 καί
1265 816 1429 909 βοηθήσει
1447 817 1538 911 ἡμῖν]
1559 830 1616 894 καί

309 917 496 1011 φανήσεται
511 917 626 1002 αὐτοῖς
645 925 721 1006 φῶς
741 926 808 1005 Ικαλ
821 916 954 1008 ποιήσει
972 915 1024 991 ἐπ’
1039 915 1164 1001 αάτούς
1184 915 1341 1009 εἰρήνηνΙ.
1370 929 1389 990 9
1411 911 1466 990 ὅτι
1485 922 1616 1009 ἔρχεται

273 1033 290 1088 5
307 1019 369 1091 σδν
395 1039 469 1102 ταῖς
494 1016 649 1110 μυριάσιν
674 1015 780 1090 αὐτοῦ
801 1025 858 1090 καὶ
880 1037 954 1101 τοῖς
975 1013 1081 1106 άγίοις
1109 1014 1216 1089 αὐτοῦ
1237 1024 1375 1108 ποιῆσαι
1395 1026 1505 1108 κρίσιν
1526 1021 1614 1094 κατὰ

307 1116 452 1190 πάντων
479 1125 534 1190 καὶ
557 1114 716 1190 ἀπολέσει
742 1116 875 1200 πάντας
897 1116 978 1200 τούς
1005 1113 1131 1202 άσεβετς
1152 1123 1207 1189 καί
1229 1122 1353 1208 ἐλέγξει
1373 1123 1488 1190 πάσαν
1509 1116 1616 1209 σάρκα

307 1228 383 1308 περὶ
409 1216 555 1291 πάντων
582 1220 692 1308 ἔργων
718 1225 780 1309 τῆς
802 1215 953 1303 άσεβείας
975 1214 1092 1289 αὐτῶν
1115 1208 1166 1289 ῶν
1192 1213 1356 1307 ἠσέβησαν
1377 1224 1433 1289 καί
1454 1227 1616 1310 σκληρῶν

308 1309 359 1388 ῶν
385 1315 554 1406 ἐλάλησαν
576 1316 693 1405 λόγων
718 1325 775 1388 καί
800 1323 877 1407 περὶ
903 1314 1049 1389 πάντων
1077 1307 1128 1386 ῶν
1151 1314 1389 1405 κατελάλησαν
1410 1314 1486 1390 κατ’
1509 1316 1616 1392 αὐτοῦ

307 1412 504 1506 άμαρτωλοὶ
524 1412 659 1503 άσεβείς,

257 1529 290 1584 10
390 1520 428 1602 ΙΙ,
452 1529 467 1588 1
497 1513 735 1606 Κατανοήσετε
754 1515 870 1590 πάντα
888 1517 932 1589 τά
952 1519 1032 1608 ἔργα
1046 1522 1084 1588 ἐν
1098 1521 1149 1606 τῷ
1165 1512 1312 1606 οάρανῷ,
1333 1523 1409 1600 πῶς
1425 1513 1486 1588 οάκ
1501 1513 1615 1609 ἠλλοί-

308 1639 401 1686 ωσαν
423 1613 485 1698 τάς
506 1610 607 1699 άδοδς
629 1613 755 1703 αὐτῶν,
777 1624 833 1690 καὶ
855 1616 936 1698 τούς
952 1621 1137 1706 φωστῆρας
1159 1613 1240 1697 τοὺς
1260 1619 1298 1687 ἐν
1320 1623 1372 1706 τῷ
1396 1613 1543 1708 οάρανῷ,
1567 1615 1615 1703 ῶς

307 1713 350 1786 τά
371 1712 487 1787 πάντα
508 1711 686 1788 ἀνατέλλει
706 1725 762 1788 καί
780 1716 882 1802 δάνει,
904 1722 1108 1806 τεταγμένος
1129 1713 1269 1798 ἕκαστος
1288 1717 1325 1787 ἐν
1344 1721 1395 1804 τῷ
1418 1723 1614 1807 τεταγμένῳ

306 1820 413 1905 καιρῷ
435 1824 491 1887 καί
514 1834 585 1897 ταις
613 1817 747 1906 ἑορταῖς
773 1813 890 1888 αάτῶν
912 1824 1099 1903 φαίνονται
1119 1819 1175 1886 καί
1202 1809 1244 1885 σά
1263 1822 1530 1903 παραβαίνουσιν
1550 1815 1615 1906 τὴν

306 1919 396 1984 ίδίαν
421 1914 527 2000 τάξιν.
569 1925 588 1986 2
616 1918 706 1987 ίδετε
728 1915 793 2007 τὴν
814 1923 877 2008 γῆν
903 1924 959 1989 καί
981 1911 1190 2003 διανοὴθητε
1210 1919 1289 2000 περὶ
1310 1919 1385 1984 τῶν
1410 1917 1519 2004 ἔργων
1541 1923 1616 1987 τῶν

255 2027 287 2080 15
305 2018 343 2084 ἐν
365 2009 451 2102 αὐτῇ
478 2020 667 2103 γινομένων
689 2009 748 2086 ἄπ’
769 2011 872 2106 ἀρχῆς
893 2023 986 2107 μέχρι
1011 2013 1231 2097 τελειώσεως,
1258 2016 1353 2098 [εἰσίν
1376 2012 1537 2102 φθαρτά]
1566 2011 1615 2097 ῶς

306 2108 367 2188 οὐκ
403 2109 600 2185 άλλοιοῦται
633 2109 733 2186 οὐδὲν
762 2122 838 2187 τῶν
869 2120 924 2187 ἐπὶ
953 2121 1015 2206 γῆς
1045 2111 1132 2187 ἄλλά
1167 2109 1281 2184 πάντα
1310 2114 1389 2201 ἔργα
1418 2121 1503 2185 θεοῦ
1535 2109 1614 2201 δμιν

306 2219 472 2298 φαίνεται.
514 2216 602 2283 ἴδετε
621 2212 687 2303 τὴν
708 2222 845 2304 θερείαν
866 2224 922 2287 καί
944 2213 1008 2286 τὸν
1028 2219 1178 2303 χειμῶνα
1201 2242 1220 2276 ιι
1242 2242 1262 2276 κ
1284 2242 1303 2276 κ

388 2315 443 2397 ΙΙΙ,
467 2325 483 2384 1
508 2310 734 2402 Καταμάδετε
754 2321 811 2384 καί
832 2318 920 2386 ἴδετε
940 2310 1056 2386 πάντα
1077 2313 1121 2385 τά
1143 2320 1273 2402 δένδρα,
1297 2343 1317 2378 ιι
1340 2345 1358 2378 ε
1382 2344 1399 2376 ι

386 2837 424 2910 V,
451 2847 464 2904 1
492 2863 510 2896 ε
534 2863 552 2896 ιι
576 2863 594 2897 ε
609 2839 684 2916 πῶς
695 2832 738 2904 τά
753 2831 864 2920 φύλλα
876 2833 995 2924 χλωρά
1008 2836 1045 2903 ἐν
1054 2829 1169 2916 αὐτοῖς
1184 2838 1354 2905 σκέποντα
1364 2833 1407 2904 τά
1422 2839 1543 2922 δένδρα
1556 2841 1612 2906 καὶ

251 2950 285 3006 20
302 2937 369 3015 πάς
396 2927 415 3004 δ
442 2933 573 3022 καρπὸς
600 2929 717 3004 αὐτῶν
745 2937 791 3014 είς
819 2932 920 3022 τιμὴν
947 2939 1003 3003 καὶ
1030 2931 1141 3019 δόξαν.
1185 2930 1393 3023 διανοὴδητε
1418 2939 1474 3004 καί
1500 2941 1612 3022 γνῶτε

301 3037 376 3118 περὶ
398 3029 545 3104 πάντων
566 3039 641 3104 τῶν
662 3033 774 3120 ἔργων
796 3027 903 3102 αὐτοῦ
924 3038 981 3104 καί
1002 3029 1156 3121 νοήσατε,
1184 3025 1239 3104 ὅτι
1260 3029 1342 3116 θεὸς
1365 3039 1435 3118 ζῶν
1455 3037 1613 3121 ἐποίησεν

299 3125 386 3201 αὐτὰ
413 3125 526 3214 οὕτως
551 3139 608 3203 καὶ
634 3138 673 3220 ζῇ
701 3136 746 3212 είς
774 3128 907 3214 πάντας
935 3129 1016 3213 τοὺς
1043 3137 1182 3212 αἰῶνας·
1212 3142 1232 3202 2
1253 3140 1310 3203 καὶ
1331 3131 1374 3203 τά
1400 3133 1480 3221 ἔργα
1506 3129 1612 3203 αὐτοῦ

298 3227 426 3314 πάντα,
458 3225 520 3302 ὅσα
550 3235 708 3320 ἐποίησεν
738 3231 794 3315 Ιείς
822 3228 903 3311 τούς
932 3237 1069 3316 αἰῶνας]
1102 3226 1171 3303 άπὸ
1198 3235 1355 3302 ίνιαυτοῦ
1382 3235 1428 3314 είς
1453 3229 1612 3304 ἐνιαυτὸν

297 3329 465 3420 γινόμενα,
488 3329 603 3403 πάντα
626 3323 748 3415 οὕτως,
770 3337 827 3400 καὶ
849 3327 975 3414 πάντα,
1001 3323 1063 3401 ὅσα
1085 3326 1311 3403 ἀποτελοῦσιν
1334 3325 1428 3420 αὐτῷ
1451 3329 1495 3404 τά
1519 3334 1611 3419 ἔργα·

378 3637 436 3692 Ιυά.
451 3638 537 3701 14,15
555 3633 616 3692 ίδοὺ
633 3631 721 3704 ἧλβεν
739 3635 848 3709 Κύριος
866 3633 896 3692 ἐν
914 3631 1009 3707 άγίαις
1026 3633 1158 3706 μυριάσιν
1175 3633 1270 3696 αὐτοῦ,
1288 3641 1405 3704 ποιῆσαι
1421 3639 1513 3708 κρίσιν
1532 3635 1608 3694 κατά

292 3719 409 3777 πάντων
426 3723 475 3776 καί
492 3717 603 3791 ἐλέγξαι
619 3718 732 3786 πάντας
746 3719 814 3787 τοὺς
831 3718 944 3793 ἀσεβεῖς
961 3722 1027 3792 περὶ
1039 3718 1155 3776 πάντων
1167 3725 1224 3776 τῶν
1243 3713 1335 3794 ἔργον
1352 3717 1485 3792 ἀσεβείας
1502 3718 1607 3784 αὐτῶν,

292 3797 334 3861 ὧν
353 3803 502 3878 ἠσέβησαν,
524 3806 573 3861 καί
590 3806 656 3878 περί
673 3803 791 3862 πάντων
808 3811 868 3862 τῶν
887 3809 1017 3878 σκληρῶν
1035 3796 1076 3860 ὧν
1094 3801 1234 3873 ἐλάλησαν
1251 3797 1315 3861 κατ’
1333 3801 1421 3860 αὐτοῦ
1438 3801 1609 3876 ἁμαρτωλοί

292 3887 412 3963 ἀσεβεῖς.
443 3890 483 3945 Of.
503 3887 716 3946 Commodianus
734 3889 816 3946 lustr.
835 3891 904 3958 112,
925 3889 1195 3960 Pseudo-Cyprianus
1214 3871 1364 3958 (Faffirieius
1384 3887 1443 3944 οσιλ
1462 3889 1608 3960 pseudoep.

292 3975 304 4028 1
322 3993 348 4045 p.
367 3975 435 4042 160),
454 3973 695 4046 Pseudo-vigilius
712 3975 819 4046 (Migne
837 3975 940 4046 patrol.
959 3975 1008 4029 lat.
1026 3976 1068 4042 62,
1086 3971 1174 4042 363ᾶ).

378 4128 393 4182 1
414 4143 564 4198 γενησεται
575 4125 621 4181 Dc
636 4127 640 4194 Ι
656 4126 674 4181 2
693 4127 841 4182 ενδοκειαν
857 4128 861 4195 Ι
878 4127 897 4182 8
912 4127 1006 4182 καί-
1018 4125 1085 4196 ἡμῖν
1097 4125 1200 4196 tilgtl)
1215 4125 1220 4192 Ι
1235 4124 1254 4180 4
1271 4121 1476 4196 καί-εἰρήνην
1488 4123 1588 4193 tilgtl)
1602 4125 1606 4192 Ι

292 4211 370 4268 ὅσον
379 4229 440 4276 τοις
455 4214 459 4275 Ι
474 4228 566 4283 χρισιν
581 4212 585 4279 Ι
601 4211 722 4276 θλενξει
738 4213 742 4273 Ι
761 4207 904 4266 λπάντων
916 4217 973 4267 τῶν
983 4210 1042 4266 Iud.
1054 4212 1057 4278 Ι
1068 4213 1207 4282 εσεβησαν
1222 4209 1227 4276 Ι
1243 4209 1279 4264 1⁰
1289 4208 1507 4278 κατανοησεται]
1520 4226 1606 4263 κατα·

290 4296 439 4364 νοὴσατεΟ
455 4294 460 4362 Ι
476 4295 515 4351 12
528 4313 687 4365 τεταγμενο
699 4314 775 4367 κεριο
790 4297 795 4364 Ι
812 4297 851 4352 18
861 4314 910 4361 τες
919 4314 1021 4369 εορτης
1034 4295 1039 4364 Ι
1054 4298 1282 4369 παραβεννονσιν
1297 4294 1301 4360 Ι
1318 4292 1356 4348 14
1366 4293 1453 4349 ειδετε
1469 4293 1473 4360 Ι
1490 4293 1525 4348 15
1536 4289 1607 4348 είσίν

291 4377 408 4452 φθαρτά
425 4379 492 4450 tilgt
505 4380 529 4434 D
544 4384 548 4450 Ι
565 4381 604 4436 16
622 4376 787 4435 ἀλλοιοῦται
799 4380 834 4451 D]
854 4384 1025 4436 αλλνοννται
1040 4382 1044 4448 Ι
1060 4397 1122 4436 επει
1136 4383 1141 4448 Ι
1156 4375 1222 4448 ὑμῖν
1235 4379 1303 4436 <A
1319 4378 1323 4444 Ι
1340 4377 1378 4432 19
1394 4374 1549 4432 σκέπονται
1563 4376 1587 4429 D
1601 4375 1606 4443 Ι

291 4463 328 4517 20
344 4464 394 4518 καί
411 4469 503 4533 γνῶτε
522 4472 555 4523 <
571 4467 595 4519 Δ
611 4466 615 4531 Ι
630 4462 668 4519 21
688 4469 746 4518 τῶν
766 4458 861 4536 ἐργων
880 4462 967 4521 αἰτοῦ
985 4467 1056 4524 <A
1071 4465 1075 4532 Ι
1090 4462 1160 4528 θεὸς
1178 4466 1234 4531 ζῶν
1252 4463 1320 4520 <A
1338 4459 1405 4530 tilgt
1423 4461 1443 4515 C
1459 4463 1463 4528 Ι
1479 4461 1518 4515 22
1538 4457 1606 4515 πάν·

290 4565 342 4612 τας
359 4556 392 4607 <
410 4549 433 4601 Α
451 4547 518 4618 tilgt
536 4549 557 4603 G
576 4549 580 4616 Ι
601 4547 641 4604 28
659 4546 754 4604 πάντα
773 4543 827 4604 ὅσα
842 4580 876 4589 -
889 4545 996 4615 αἰῶνας
1013 4559 1045 4608 <
1063 4551 1088 4602 A
1105 4547 1172 4618 tilgt
1190 4547 1210 4601 (1
1228 4544 1233 4615 Ι
1254 4545 1291 4601 24
1308 4543 1402 4601 πάντα
1422 4538 1512 4609 οὕτως
1530 4551 1563 4602 <
1581 4545 1607 4597 Α

292 4631 359 4702 tilgt
379 4634 406 4688 C.
