3706 5544
318 450 358 509 44
882 443 959 497 Buoh
976 443 1098 500 Ηεαοοίι

400 607 484 688 XVI,
501 616 517 675 1
541 600 609 676 ἀπὸ
629 601 754 694 ἡμέρας
773 611 902 694 σφαγῆς
923 613 978 676 καί
1002 601 1173 688 ἀπωλείας
1194 611 1249 676 καὶ
1271 600 1429 678 θανάτου
1450 612 1629 697 Ναφηλείμ

316 703 360 774 τά
390 703 566 793 πνεύματα
597 699 847 792 ἐκπορευόμενα
877 708 914 775 ἐκ
940 711 1003 794 τής
1028 712 1136 794 ψυχῆς
1161 711 1221 795 τῆς
1248 703 1372 795 σαρκός
1398 701 1515 776 αῦταῦν
1537 707 1629 777 ἔσται

318 798 530 890 ἀφανίζοντα
545 811 649 893 χωρίς
663 813 812 893 κρίσεως.
853 797 963 887 οῦτως
978 799 1201 891 ἀφανίσουσιν
1217 811 1329 896 μέχρις
1350 801 1474 894 ἡμέρας
1495 805 1629 877 τελειοῦ-

317 928 403 986 σεως
419 909 479 993 τῆς
494 910 633 995 κρίσεως
648 909 710 994 τῆς
723 901 877 995 μεγάλης,
892 896 964 992 ένή
982 900 1000 976 ό
1016 905 1104 976 αίοόν
1119 898 1139 976 ό
1153 909 1253 994 μέγας
1269 901 1516 993 τελεσθήσεται
1539 919 1557 978 2
1573 913 1629 978 καί

283 1016 299 1070 5
317 1009 380 1074 νῦν
390 1000 585 1092 έγρηγόροις
596 1021 669 1086 τοῖς
678 1009 850 1092 πέμφασίν
859 1026 894 1074 σε
904 1007 1069 1095 έρωτήσαι
1078 1010 1155 1093 περὶ
1171 999 1288 1076 αῦτῶν
1303 1007 1427 1086 οίτινες
1442 1009 1480 1075 έν
1493 1000 1628 1096 οὐρανῷ

316 1093 414 1191 ήσαν·
462 1113 479 1174 3
501 1100 593 1192 ῦμεῑς
615 1107 652 1174 έν
678 1109 730 1193 τῷ
753 1100 887 1194 οῦρανῷ
914 1095 984 1192 ήτε,
1010 1110 1067 1174 καὶ
1088 1109 1158 1176 πᾶν
1179 1102 1365 1194 μυστήριον
1387 1097 1405 1174 ό
1428 1099 1490 1174 οῦκ
1511 1101 1629 1175 ἀνεκα-

317 1199 443 1291 λόφθηΙ
457 1200 547 1290 όμῑν,
570 1210 626 1272 καὶ
646 1198 831 1292 μυστήριον
854 1201 894 1274 τό
917 1207 955 1274 έκ
977 1210 1040 1275 τοῦ
1060 1209 1146 1275 θεοῦ
1166 1210 1389 1294 γεγενημένον
1412 1205 1550 1291 ἔγνωτε,
1572 1212 1629 1275 καί

317 1308 420 1372 τοῦτο
443 1299 629 1393 έμηνῦσατε
651 1320 724 1386 ταῖς
751 1310 902 1391 γυναιξὶν
923 1305 960 1374 έν
983 1323 1056 1385 ταῖς
1078 1309 1356 1392 σκληροκαρδίαις
1377 1300 1483 1391 ῦμιῦν,
1514 1310 1570 1374 καὶ
1591 1307 1628 1374 έν

315 1407 366 1490 τῷ
382 1407 554 1492 μυστηρίῳ
571 1399 685 1490 τούτῳ
701 1400 938 1492 πληθῦνουσιν
953 1406 987 1474 αί
1000 1399 1136 1492 θήλειαι
1150 1409 1206 1474 καί
1222 1405 1254 1473 οί
1269 1401 1454 1492 ἄνθρωποι
1476 1403 1519 1474 τὰ
1540 1402 1627 1475 κακὰ

265 1509 298 1565 10
315 1506 370 1573 έπὶ
392 1507 454 1591 τῆς
475 1507 544 1590 λῆς·
586 1512 605 1571 4
628 1501 726 1572 είπον
747 1493 810 1572 οῦν
832 1498 960 1584 αὐτοῖς·
983 1498 1045 1573 οῦκ
1068 1503 1158 1572 ἔστιν
1180 1500 1303 1592 εἰρήνη.

397 1604 498 1686 leL
527 1613 543 1671 1
577 1605 641 1670 Καὶ
671 1597 928 1688 παραλαβόντες
956 1629 996 1689 με
1023 1606 1069 1684 είς
1096 1629 1173 1672 τινα
1195 1600 1306 1674 τόπον
1328 1596 1514 1691 ἀπήγαγον,
1537 1593 1626 1693 ένῷ

315 1704 348 1773 οί
367 1693 465 1782 ὄντες
487 1705 555 1770 έκεί
574 1706 728 1788 γίνονται
752 1696 800 1780 σός
821 1705 890 1789 πῦρ
913 1705 1042 1788 φλέγον
1062 1709 1127 1783 καί,
1151 1693 1237 1772 ὅταν
1258 1708 1419 1785 θέλωσιν,
1444 1708 1627 1788 φαίνονται

316 1795 394 1870 αόσεὶ
416 1798 607 1888 ἄνθρωποι.
651 1810 669 1871 2
690 1805 746 1871 καί
770 1794 945 1889 ἀπήγαγόν
967 1827 1007 1888 με
1028 1805 1075 1883 είς
1097 1801 1236 1890 ζοφοόάη
1257 1796 1369 1873 τόπον
1390 1809 1446 1872 καί
1468 1807 1514 1885 είς
1536 1793 1625 1891 ῦρος,

314 1891 354 1969 οῦ
387 1895 408 1988 ή
439 1897 571 1988 κεφαλή
600 1895 777 1986 ἀφικνεῖτο
809 1901 855 1981 είς
882 1897 946 1970 τόν
972 1897 1129 1989 οὐρανόν.
1177 1909 1195 1972 3
1222 1905 1278 1970 καὶ
1305 1901 1397 1971 είδον
1419 1898 1530 1972 τόπον
1553 1908 1627 1974 τῶν

264 2017 297 2070 15
315 1995 513 2088 φωστήρων
540 2003 595 2069 καὶ
623 1998 705 2081 τοῦς
732 2000 926 2088 θησαυροὺς
946 2005 1021 2069 τῶν
1042 1995 1196 2087 ἀστέρων
1217 2004 1272 2069 καὶ
1295 2006 1368 2071 τῶν
1389 2007 1549 2087 βροντῶν
1570 2007 1626 2070 καί

315 2104 362 2182 είς
376 2097 439 2169 τάί
454 2105 631 2188 αεροβαθη,
654 2091 743 2168 ῦπου
757 2095 862 2186 τόξον
876 2095 982 2188 πυρός
997 2105 1052 2169 καὶ
1068 2099 1110 2171 τὰ
1125 2105 1213 2187 βέλη,
1228 2104 1283 2168 καί
1299 2097 1361 2180 τὰς
1375 2096 1485 2188 θήκας
1507 2093 1626 2170 αῦτοῦν

314 2204 370 2268 καὶ
387 2197 448 2279 τὰς
472 2195 646 2285 ἀστραπὰς
668 2194 786 2280 πάσας.
824 2209 844 2268 4
865 2204 920 2268 καί
943 2191 1121 2288 ἀπήγαγόν
1141 2225 1180 2286 με
1202 2204 1297 2286 μέχρι
1317 2193 1457 2269 ῦδάτων
1479 2196 1625 2284 ζεόντων

314 2303 369 2367 καί
396 2302 489 2385 μέχρι
516 2294 623 2385 πυρός
648 2295 789 2382 δόσεως,
813 2290 832 2368 ό
854 2299 947 2370 ἐστιν
967 2303 1023 2368 καί
1046 2303 1194 2386 παρέχον
1215 2293 1326 2380 πάσας
1348 2298 1410 2379 τὰς
1432 2295 1540 2379 δόσεις
1562 2303 1626 2370 τοῦ

315 2391 421 2484 ήλίοσ.
458 2403 547 2467 5καὶ
563 2393 715 2486 ἤλθομεν
735 2403 830 2487 μέχρι
850 2401 1008 2486 ποταμοῦ
1028 2395 1145 2486 πυρός,
1167 2399 1204 2467 έν
1225 2387 1254 2486 ᾧ
1275 2401 1471 2485 κατατρέχει
1493 2395 1534 2469 τό
1556 2401 1625 2487 πῦρ

263 2511 297 2567 20
316 2491 363 2577 οῦς
377 2487 470 2582 ῦδωρ
492 2503 548 2566 καὶ
570 2498 637 2586 ῥέει
650 2503 706 2594 Ιείς
727 2494 904 2569 θάλασσαν
923 2493 1071 2586 μεγάλην
1091 2494 1226 2578 δόσεως.
1269 2507 1289 2568 6
1311 2496 1403 2568 είδον
1425 2496 1505 2586 τοῦς
1525 2493 1622 2586 μεγά-

224 2681 230 2692 ’
313 2695 348 2754 τὰ
370 2697 518 2767 πνεύματα
535 2697 570 2754 τά
590 2695 805 2772 ἐκπορευόμενα
823 2697 881 2756 ἀπὸ
904 2705 954 2768 τῆς
978 2703 1071 2770 ψυχῆς
1088 2696 1182 2755 αὐτῶν
1199 2693 1240 2764 ίνς
1257 2695 1289 2755 έκ
1305 2705 1355 2768 τῆς
1377 2699 1483 2773 σαρκὸς
1509 2693 1622 2758 ἔσονται

313 2780 489 2854 ἀφανίζοντα
505 2785 593 2855 χωρίς
609 2784 736 2856 κρίσεως.
775 2777 865 2850 οὕτως
882 2781 1053 2854 ἀφανίσουσι
1076 2782 1160 2855 μέχρι
1180 2781 1289 2856 ήμέρας
1305 2789 1355 2852 τῆς
1370 2780 1549 2852 τελειώσεως,
1568 2779 1622 2850 έως

312 2873 362 2936 τῆς
377 2869 497 2940 κρίσεως
514 2873 563 2936 τῆς
590 2867 723 2938 μεγάλης,
747 2865 778 2924 έν
795 2858 813 2939 ᾗ
832 2865 848 2924 δ
868 2864 941 2924 αίὼν
959 2865 975 2922 ά
993 2865 1083 2938 μέγας
1099 2869 1312 2938 τελεσθήσεται,
1330 2861 1375 2938 ἐφ’
1392 2863 1471 2936 άπαξ
1488 2866 1562 2938 ὁμοῦ
1578 2887 1621 2925 τε·

313 2954 489 3022 λεσθήσεται
539 2969 541 2974 ·

396 3037 454 3091 Καί
481 3028 574 3102 αὖθις·
602 3037 668 3108 περί
687 3034 785 3092 ἀετοῦ
803 3029 895 3106 ἀρονς,
922 3031 953 3091 έν
972 3025 994 3110 ᾧ
1014 3027 1134 3105 ὤμοσαν
1158 3037 1207 3091 καί
1233 3033 1445 3104 ἀνεθεμάτισαν
1472 3037 1544 3109 πρὸς
1569 3036 1620 3093 τόν

312 3121 430 3189 πλησίον
449 3117 550 3186 αὐτῶν,
569 3115 612 3176 ὅτι
630 3118 671 3186 είς
691 3118 742 3176 τὸν
760 3118 852 3176 αίῶνα
871 3117 905 3176 οὐ
927 3121 966 3188 μὴ
987 3116 1100 3188 ἀποστῇ
1121 3115 1170 3176 ἀπ’
1191 3118 1278 3176 αὐτοῦ
1299 3128 1391 3192 ψῦχος
1412 3122 1461 3177 καί
1480 3117 1552 3192 χιὼν
1571 3123 1621 3178 καί

310 3202 412 3275 πάχνη,
430 3205 479 3260 καί
496 3204 599 3274 δρόσος
616 3201 651 3260 οὐ
667 3206 706 3274 μή
724 3207 836 3277 καταβῇ
852 3202 894 3270 είς
906 3201 983 3271 αάτό,
997 3201 1025 3260 εί
1040 3206 1078 3273 μή
1091 3202 1133 3270 είς
1143 3203 1272 3277 κατάραν
1283 3207 1474 3278 καταβήσεται
1485 3199 1530 3261 ἐπ’
1542 3203 1619 3271 αάτό,

310 3288 409 3362 μέχρις
419 3287 527 3360 ἡμέρας
543 3288 664 3360 κρίσεως
674 3295 724 3358 τῆς
735 3289 868 3360 μεγάλης.
892 3285 923 3345 έν
935 3295 975 3362 τῷ
985 3294 1076 3361 καιρῷ
1088 3285 1187 3364 ἐκείνη
1204 3291 1453 3358 κατακωιθήσεται
1464 3291 1513 3345 καί
1524 3307 1618 3346 ταπει-

309 3375 470 3442 νωθήσεται
487 3373 536 3428 καί
553 3366 632 3428 ἔσται
657 3373 888 3443 κατακαιόμενον
913 3375 963 3430 καί
987 3372 1146 3442 τηκόμενον
1165 3369 1204 3439 ὼς
1221 3373 1308 3446 κηρὸς
1325 3370 1383 3430 ἀπὸ
1402 3373 1502 3445 πυρός·
1530 3367 1620 3439 οὕτως

308 3459 519 3526 κατακαήσεται
536 3459 603 3528 περί
620 3455 735 3512 πάντων
752 3464 810 3513 τῶν
837 3451 929 3528 ἔργων
956 3456 1051 3514 αὐτοῦ.
1095 3459 1145 3514 καί
1162 3465 1213 3514 νῦν
1230 3454 1289 3528 έγὼ
1305 3455 1379 3529 λέγω
1397 3453 1464 3526 ὑμῖν
1481 3454 1552 3525 νίοῖς
1569 3455 1617 3514 ἀν-

308 3537 449 3613 θρώπων·
468 3539 539 3613 ὀργὴ
557 3540 667 3611 μεγάλη
684 3535 753 3598 καθ’
770 3537 859 3611 ὑμῶν,
877 3539 951 3598 κατὰ
969 3547 1027 3598 τῶν
1039 3537 1108 3596 υἱῶν
1125 3535 1214 3610 ὑμῶν,
1232 3543 1282 3597 καί
1301 3540 1335 3598 οά
1353 3541 1493 3598 παύσεται
1509 3541 1526 3612 ή
1545 3539 1616 3613 ὀργή

309 3619 380 3693 αῦτη
399 3617 447 3694 ἀφ’
459 3620 540 3694 ὑμῶν
557 3624 641 3697 μέχρι
657 3633 761 3699 καιροῦ
778 3633 889 3697 σφαγῆς
905 3632 963 3682 τῶν
975 3621 1044 3682 νλῶν
1056 3621 1145 3694 ὑμῶν.
1174 3627 1223 3681 καλ
1234 3623 1409 3682 ἀπολοῦνται
1427 3622 1456 3682 σί
1473 3623 1615 3697 ἀγαπητοί

308 3705 388 3776 ὑμῶν
405 3710 454 3764 καί
472 3707 689 3766 ἀποθανοῦνται
707 3706 735 3766 oz
752 3705 861 3779 ἔντιμοι
878 3705 958 3780 ὑμῶν
975 3707 1033 3766 ἀπὸ
1051 3709 1142 3780 πάσης
1159 3715 1209 3778 τῆς
1225 3716 1284 3781 γῆς,
1303 3705 1347 3765 ὅτι
1364 3716 1453 3766 πᾶσαι
1471 3707 1502 3766 αί
1513 3708 1617 3782 ἡμέραι

308 3799 358 3861 τῆς
375 3795 448 3861 ζωῆς
466 3791 559 3849 αὐτῶν
578 3791 636 3850 ἀπὸ
654 3802 706 3851 τοῦ
723 3801 774 3850 νῦν
792 3793 827 3851 οὐ
843 3797 882 3865 μή
901 3789 1015 3852 ἔσονται
1032 3797 1120 3852 πλείω
1136 3801 1194 3852 τῶν
1206 3789 1309 3851 ἑκατὸν
1327 3789 1435 3850 εὔιοσιν
1453 3791 1532 3850 ἐτῶν.
1567 3795 1617 3850 καί

308 3879 346 3946 μή
359 3876 457 3946 δόξητε
477 3871 517 3933 ἔτι
535 3881 617 3947 ζῆσαι
635 3876 681 3935 έπί
699 3881 786 3936 πλείω
805 3873 861 3950 ἔτη.
891 3877 998 3952 οὐγὰρ
1017 3875 1092 3936 ἔστιν
1109 3873 1154 3935 ἐπ’
1165 3876 1262 3944 αέτοῖς
1279 3883 1357 3934 πᾶσα
1376 3875 1441 3944 ὁδὸς
1458 3875 1616 3950 έκφεῦξεως

391 4080 489 4135 XVII
512 4081 545 4136 cf.
569 4081 728 4136 Lactantius
750 4083 816 4136 Ιαελ
840 4083 924 4138 1115.
950 4111 985 4122 -
1010 4081 1075 4137 XVI
1087 4085 1109 4152 3
1132 4081 1165 4136 αἱ
1185 4081 1309 4137 Clemens
1333 4081 1410 4137 Alex.
1438 4080 1536 4136 Strom.
1556 4079 1613 4134 Vl

307 4165 421 4220 Hermes
439 4164 512 4235 apud
530 4165 562 4222 G.
581 4165 739 4235 Syncellum
758 4184 783 4236 p.
803 4167 835 4221 13
854 4167 928 4222 (λοσε
944 4184 970 4237 p.
988 4169 1022 4222 24
1039 4165 1120 4222 Diu&

392 4369 408 4424 1
424 4369 583 4438 Ναφηλείμ]
596 4369 712 4438 αφωνΡ
725 4369 780 4438 vgl.
792 4371 817 4422 A
829 4367 909 4437 syne„
921 4360 971 4439 ἀφ’
983 4356 1024 4422 ὧν
1035 4367 1105 4424 Εάὰ.
1120 4369 1125 4437 Ι
1139 4368 1160 4424 4
1172 4361 1227 4432 ἕως
1237 4372 1287 4436 τῆς
1303 4367 1427 4436 κρίσεως
1439 4366 1490 4420 mit
1501 4365 1595 4436 θγοαί
1607 4369 1610 4432 Ι

306 4454 325 4510 6
340 4441 461 4522 ῦίὶίςίῦ
476 4447 1001 4524 1λμοατήριοντόέξονθενημένονθ
1016 4455 1020 4520 Ι
1037 4452 1076 4508 14
1094 4469 1232 4522 αφικνντο
1249 4453 1252 4518 Ι
1270 4452 1307 4508 15
1320 4449 1492 4520 αστερωνΡ]
1505 4445 1611 4521 ἀστρα-

305 4542 368 4592 πῶν
383 4537 486 4592 Usener
501 4539 505 4606 Ι
520 4539 569 4593 καί
586 4567 620 4576 -
638 4529 772 4607 ἀστέρων
788 4549 819 4597 <
833 4539 858 4591 A
873 4538 878 4604 Ι
895 4537 932 4594 16
947 4535 1018 4592 vien.
1032 4533 1073 4600 είς
1088 4529 1124 4591 τά
1138 4529 1321 4606 ἀκρωίτήρια
1340 4527 1390 4604 τά)
1407 4527 1485 4607 βάθη
1503 4535 1576 4589 nach
1586 4535 1611 4586 A

306 4619 346 4686 εἰς
362 4617 399 4676 τά
419 4614 572 4692 ἀκροβαθή
590 4621 665 4676 Diels
680 4627 685 4688 1
701 4622 740 4679 18
757 4619 893 4691 περιέχον
904 4621 946 4676 Δί
964 4620 1040 4676 wohl
1056 4619 1163 4690 riehssig.
