3706 5544
327 420 366 483 38
862 412 939 468 Buoh
956 412 1077 468 Hsnooh.

327 567 440 656 ούτως
453 582 508 646 καί
522 579 593 663 ἐμὲ)
603 575 733 646 ἔκτισεν
741 582 797 646 καὶ
807 573 936 646 ἔδωκεν
949 580 1146 665 ἐλέγζασθαι
1161 572 1365 665 ἐγρηγύρους
1375 572 1455 656 τοῦς
1464 573 1556 657 υἱούς
1571 579 1635 646 τοῦ

327 672 484 765 ούρανοῦ.
505 676 600 764 4ἐγώ
611 673 675 764 τὴν
683 671 956 764 ἐρώτησινῦμών
966 682 1050 762 [τών
1059 669 1224 765 άγγέλων]
1236 676 1365 763 ἔγραψα
1375 680 1431 743 καί
1445 677 1482 744 έν
1498 679 1540 762 τῆ
1555 667 1633 761 δρά-
1694 703 1701 714 ·

328 796 377 844 σει
385 801 452 863 μου
467 780 570 845 τοῦτο
586 777 719 864 ἐδείχθη
731 781 787 846 καὶ
802 766 881 845 ούτε
896 770 1090 864 ῆέρώτησις
1104 771 1202 865 ῦμών
1212 779 1403 864 παρεδέχθη
1427 801 1446 836 υ
1469 800 1488 834 s
1510 799 1528 834 s
1551 777 1635 845 5ίνα

327 879 445 963 μηκέτι
460 877 506 956 είς
530 871 594 944 τόν
611 871 761 962 ούρανὸν
782 869 929 962 ἇναβῆτε
950 878 1005 946 ἐπὶ
1026 872 1157 956 πάντας
1179 873 1259 957 τούς
1281 879 1407 957 αἰῶνας
1427 882 1484 945 καὶ
1504 877 1542 944 ἐν
1564 891 1636 956 τοῖς

294 989 311 1042 5
329 979 460 1063 δεσμοῖς
474 979 535 1064 τῆς
552 979 612 1064 γῆς
633 977 755 1064 ἐρρέθη
779 979 875 1064 δῆσαι
895 971 980 1060 ύμᾶς
999 979 1046 1058 είς
1067 971 1177 1057 πάσας
1198 973 1259 1056 τὰς
1280 972 1395 1062 γενεάς
1417 979 1480 1046 τσῦ
1502 978 1635 1054 αἰῶνος.

329 1076 418 1145 6καὶ
433 1075 488 1144 ἵνα
502 1079 584 1162 πρὶν
598 1071 736 1145 τούτων
751 1077 843 1162 ίδητε
861 1072 925 1163 τῆν
945 1069 1119 1146 ἀπώλειαν
1141 1079 1215 1144 τιῦν
1236 1075 1321 1144 υίών
1341 1067 1438 1163 ύμοῦν
1461 1081 1535 1146 τών
1557 1069 1634 1162 άγα-

328 1179 465 1261 πητών,
492 1179 547 1244 καὶ
574 1166 630 1244 ύτι
656 1169 718 1244 οῦκ
741 1177 833 1245 ἔσται
854 1168 933 1263 ύμῖν
953 1165 1068 1262 ὄνησις
1089 1169 1216 1256 αύτῶν,
1239 1167 1326 1244 ἀλλὰ
1343 1179 1531 1244 πεσοῦνται
1553 1172 1635 1244 ἐνώ-

328 1301 411 1344 πισν
425 1269 521 1360 ύμῶν
536 1277 573 1344 ἐν
587 1281 738 1364 μαχαίρᾳ.
776 1269 901 1364 Ἰκαίῆ
920 1273 1083 1364 ἐρώτησις
1104 1269 1201 1363 ῦμών
1222 1278 1298 1360 περὶ
1320 1267 1438 1345 αύτών
1460 1270 1521 1345 σύκ
1542 1273 1635 1343 ἔσται

330 1367 407 1443 οῦδὲ
437 1377 512 1460 περί
539 1368 636 1462 ῦμών
657 1379 713 1442 καὶ
734 1368 827 1463 ύμεῖς
853 1377 1029 1456 κλαίοντες
1055 1380 1111 1442 καί
1133 1369 1286 1462 δεόμενοι
1306 1379 1362 1442 καί
1383 1371 1428 1460 μὴ
1452 1377 1637 1454 λαλοῦντες

280 1491 314 1546 10
330 1477 400 1544 πᾶν
422 1473 510 1560 ῥῆμα
533 1467 600 1543 άπὸ
624 1478 685 1560 τῆς
706 1478 847 1563 γραφῆς,
870 1465 909 1562 ῆς
932 1475 1067 1561 ἔγραψα.
1105 1481 1122 1543 8
1145 1479 1199 1541 καί
1220 1474 1292 1558 ἐμοί
1315 1465 1367 1558 ἐφ’
1390 1464 1503 1559 δράσει
1524 1463 1637 1554 ούτως

332 1573 479 1658 ἐδείχθη·
501 1571 575 1642 ἰδού
595 1578 731 1659 νεφέλαι
753 1576 790 1644 ἐν
811 1581 854 1662 τῆ
876 1567 991 1661 ὁράσει
1012 1567 1158 1643 ἐκάλουν
1178 1577 1233 1641 καί
1256 1565 1389 1661 ὁμίχλαι
1409 1597 1449 1656 με
1468 1569 1637 1658 ἐφώνουν,

331 1676 388 1740 καί
403 1674 578 1759 διαδρομαὶ
593 1679 667 1742 τών
687 1666 842 1761 ἀστέρων
863 1677 918 1742 καί
940 1669 1111 1758 ἀστραπαί
1130 1698 1170 1759 με
1191 1667 1465 1756 κατεσπούδαζσν
1486 1673 1543 1740 καί
1564 1673 1638 1740 ἐθο-

331 1767 475 1856 ρύβαζόν
492 1798 532 1859 με
546 1777 601 1841 καὶ
617 1770 734 1859 άνεμοι
749 1776 786 1843 ἐν
801 1779 843 1860 τῇ
859 1766 974 1862 ὁράσει
988 1767 1191 1857 ἐξεπέτασάν
1212 1798 1252 1859 με
1273 1776 1329 1841 καὶ
1351 1767 1481 1860 ἐπῆράν
1503 1799 1542 1859 με
1564 1769 1637 1840 άνω

332 1873 386 1938 καί
409 1866 600 1959 είςῆνεγκάν
618 1897 657 1959 με
675 1875 720 1954 είς
736 1868 799 1942 τόν
821 1868 979 1960 ούρανύν,
1002 1881 1020 1942 9
1042 1876 1096 1940 καὶ
1120 1875 1279 1958 είςῆλθον
1300 1875 1410 1959 μέχρις
1433 1866 1551 1960 ῆγγισα
1572 1877 1637 1940 τεί-

282 1985 316 2044 15
330 1995 412 2056 χσυς
434 1974 613 2060 οἰκοδομῆς
635 1974 672 2040 ἐν
694 1977 806 2053 λίθοις
826 1968 981 2060 χαλάζης,
1003 1977 1058 2040 καί
1080 1976 1227 2058 γλῶσσαι
1247 1966 1353 2056 πυρὸς
1374 1967 1489 2058 κύκλῳ
1512 1965 1638 2054 αύτῶν,

332 2074 386 2138 καί
397 2065 544 2157 ῆρξαντο
554 2073 712 2156 ἐκφοβεῖν
722 2099 769 2159 με.
794 2077 894 2143 1θκαί
905 2075 1067 2160 εἰσῆλθον
1082 2075 1129 2150 είς
1144 2067 1204 2150 τὰς
1220 2067 1372 2157 γλώσσας
1388 2075 1450 2140 τοῦ
1463 2067 1570 2156 πυρὸς
1583 2074 1639 2140 καὶ
1713 2077 1715 2081 ’

333 2163 451 2256 ἦγγισα
467 2173 513 2251 είς
529 2167 625 2239 οίιιον
639 2177 743 2259 μέγαν
758 2173 1023 2259 οἰκοδομημένον
1037 2173 1074 2240 ἐν
1090 2177 1202 2252 λίθοις
1221 2164 1377 2256 χαλάζης,
1399 2174 1454 2240 καὶ
1477 2169 1508 2239 σί
1529 2187 1640 2256 τοῖχοι

334 2273 397 2336 τοῦ
411 2271 508 2338 οίκου
522 2263 571 2350 ώς
586 2267 803 2352 λιθύπλακες,
825 2276 881 2339 καί
895 2275 1000 2340 πᾶσαι
1015 2260 1099 2358 ῆσαν
1115 2271 1152 2339 ἐκ
1163 2265 1279 2356 χιόνος
1293 2275 1349 2338 καὶ
1370 2264 1478 2357 ἐδάφη
1499 2263 1638 2354 χιονικά.

337 2380 371 2438 11
395 2372 451 2436 καὶ
482 2371 515 2438 αί
545 2375 659 2458 στέγαι
689 2365 737 2453 ώς
767 2373 942 2458 διαδρομαὶ
979 2365 1131 2456 ἀστέρων
1161 2373 1215 2437 καὶ
1242 2361 1411 2464 άστραπαὶ
1438 2373 1494 2436 καὶ
1515 2363 1640 2456 μεταξύ

284 2483 318 2538 20
335 2461 452 2538 αύτών
465 2475 620 2554 χερουβὶν
634 2467 761 2557 πύρινα
774 2474 830 2540 καί
849 2463 868 2540 ό
884 2464 1028 2556 ούρανδς
1044 2463 1161 2538 αύτών
1176 2460 1276 2555 ύδωρ,
1302 2477 1339 2538 12
1361 2474 1417 2537 καὶ
1437 2472 1505 2553 πῦρ
1520 2461 1640 2554 φλεγό-

334 2593 439 2653 μενον
472 2564 586 2657 κύκλῳ
620 2575 694 2638 τών
725 2575 853 2656 τοίχων
885 2573 940 2638 καὶ
967 2564 1070 2655 θύραι
1105 2573 1185 2656 πυρὶ
1220 2564 1403 2654 καιόμεναι.
1462 2577 1499 2638 13
1535 2570 1640 2654 είςῆλ-

336 2676 404 2738 θον
425 2671 471 2749 είς
493 2664 557 2738 τὸν
579 2666 675 2738 οἶκον
695 2671 836 2752 ἐκεῖνον,
859 2664 989 2756 θερμόν
1011 2661 1060 2748 ώς
1080 2671 1148 2754 πῦρ
1170 2672 1226 2736 καί
1247 2663 1378 2754 ψυχρόν
1400 2661 1448 2748 ώς
1467 2663 1563 2753 χιών,
1585 2669 1641 2734 καί

335 2772 427 2838 πᾶσα
457 2764 568 2855 τρυφὴ
599 2771 688 2856 ζωῆς
710 2762 772 2838 ούκ
798 2759 840 2855 ῆν
860 2771 898 2836 ἐν
919 2762 1022 2856 αύτῷ.
1059 2761 1166 2852 φόβος
1186 2793 1226 2854 με
1247 2761 1417 2850 ἐκάλυψεν
1437 2771 1493 2835 καὶ
1515 2759 1641 2852 τρόμος

336 2894 375 2956 με
404 2873 532 2951 ἐλαβεν,
587 2878 623 2936 11
650 2874 706 2937 καί
736 2862 825 2957 ῆμην
854 2864 1025 2954 σειόμενος
1046 2873 1103 2936 καὶ
1129 2871 1339 2956 τρέμωνκαὶ
1362 2868 1483 2936 ἔπεσον
1509 2868 1572 2952 (είς
1599 2863 1640 2935 τὸ

285 2989 319 3044 26
336 2963 524 3056 πρόσωπόν
559 2992 624 3054 μου
659 2970 730 3053 καί)
766 2964 939 3052 ἐθεώρουν
975 2970 1012 3036 ἐν
1048 2972 1090 3053 τῆ
1125 2959 1238 3053 δράσει
1273 2992 1345 3052 μου.
1403 2976 1440 3034 15
1476 2969 1531 3034 καὶ
1567 2961 1641 3034 ἰδοῦ

336 3063 422 3154 άλλη
443 3061 532 3153 θύρα
554 3060 749 3154 άνεῳγμένη
770 3069 952 3136 κατέναντί
972 3092 1037 3154 μου
1057 3071 1114 3134 καί
1135 3057 1155 3134 ό
1177 3063 1271 3148 οἶκος
1292 3069 1416 3152 μείζων
1437 3060 1565 3134 τούτου
1586 3067 1641 3132 καί

336 3156 418 3246 ύλος
439 3169 702 3253 σίκοδομημένσς
717 3168 754 3234 ἐν
768 3164 934 3253 γλώσσαις
956 3161 1063 3253 πυρὸς
1088 3174 1123 3235 16
1142 3170 1198 3234 καὶ
1214 3155 1295 3246 ύλος
1316 3167 1488 3251 διαφέρων
1506 3167 1544 3232 ἐν
1559 3159 1640 3249 δόξῃ

335 3269 391 3334 καί
417 3267 455 3334 ἐν
476 3271 554 3352 τιμῆ
584 3270 636 3334 καί
661 3268 698 3334 ἐν
722 3260 941 3352 μεγαλοσύνη,
970 3259 1058 3334 ώστε
1084 3261 1128 3352 μῆ
1155 3260 1322 3334 δύνασθαί
1341 3290 1382 3351 με
1400 3265 1543 3348 ἐξειπεῖν
1563 3257 1641 3350 ύμῖν

421 3768 512 3826 x1v5
530 3769 564 3824 of.
576 3769 707 3839 Origenes
725 3785 746 3822 o.
766 3768 875 3824 Celsum
894 3769 965 3825 v52
977 3787 1008 3839 sq
1029 3769 1146 3824 Delatus
1164 3771 1175 3822 1
1193 3787 1218 3840 p.
1235 3769 1285 3824 617
1304 3767 1417 3824 Hermes
1436 3769 1509 3839 apud
1529 3769 1560 3823 G.
1573 3767 1639 3836 Syn·

338 3853 439 3909 oellum
460 3871 486 3924 p.
505 3856 537 3909 13
556 3854 629 3908 Goar
645 3871 670 3923 p.
690 3855 722 3908 24
739 3853 821 3908 Diod.
839 3853 920 3908 Liber
937 3855 1026 3908 Adam
1044 3857 1073 3909 εί
1090 3853 1165 3909 Evae
1183 3855 1257 3908 1119
1275 3852 1488 3909 Commodianus
1507 3854 1585 3907 lusor.
1599 3853 1641 3907 13

337 3937 497 3994 Lactantius
514 3940 581 3992 Inst.
598 3939 625 3991 II
644 3940 683 3992 15.
702 3969 733 3977 -
752 3937 816 3992 XIV
834 3931 858 3994 8¹
870 3938 903 3992 of.
922 3937 1018 3992 Passio
1036 3937 1188 4008 Perpetuao
1205 3937 1258 3992 ΧΗ
1274 3956 1300 4008 p.
1318 3940 1352 3994 80
1369 3956 1408 4007 sq.

423 4090 439 4144 1
452 4090 540 4144 εδιντο
551 4086 593 4142 P?
611 4079 715 4142 ἔδωκεν
726 4086 796 4141 Edd.
824 4091 994 4154 εκλεξασθαι
1008 4088 1039 4157 Ρ]
1056 4089 1130 4143 verb.
1139 4087 1163 4142 D
1172 4089 1244 4143 noch
1253 4091 1278 4142 A
1290 4114 1292 4125 ι
1304 4087 1322 4143 2
1334 4094 1393 4143 τῶν
1406 4082 1536 4159 δγγέλων
1544 4086 1640 4157 tilgtc

338 4174 409 4228 nach
425 4175 450 4226 A
465 4174 469 4239 Ι
485 4173 504 4228 3
521 4171 613 4226 Lfioks
633 4173 704 4226 nach
723 4171 768 4225 A?
782 4173 821 4238 15
840 4173 956 4241 δεσμαῖς
976 4173 1018 4227 las
1036 4171 1184 4242 On'genesl
1201 4173 1219 4229 6
1238 4173 1315 4244 πρίν]
1341 4190 1408 4243 περι
1426 4174 1448 4227 Ρ
1466 4164 1526 4242 πρὸ
1545 4169 1613 4225 mod.
1634 4171 1638 4238 1

338 4257 374 4312 ll
395 4258 502 4325 ομοχλε
519 4255 541 4310 Ρ
565 4257 571 4320 Ι
595 4255 633 4311 12
652 4249 800 4326 ἀστραπαί
817 4255 851 4325 1)]
883 4259 1041 4326 διαστραπε
1058 4257 1080 4310 Ρ
1099 4259 1129 4311 αί
1147 4249 1293 4328 α’στραπαί
1315 4260 1341 4311 A
1362 4257 1367 4325 Ι
1392 4257 1431 4314 13
1458 4253 1641 4326 ἐξεπέτασαν]

336 4335 572 4410 α’νιτιτέρωσανῦ
590 4340 662 4395 doeh
682 4339 738 4410 νηί.
750 4341 890 4412 vulgArgr.
909 4337 1058 4406 έκπίτασις
1070 4341 1127 4395 ‘das
1139 4339 1259 4411 Fliegen’
1275 4342 1279 4407 1
1296 4342 1334 4397 15
1353 4337 1582 4410 οἰκοδομημένου
1599 4343 1638 4422 Αη

335 4428 463 4497 γλῶσσαι
475 4425 508 4493 A]
526 4424 692 4493 γλωσσηςΡ
710 4415 891 4495 γλώσσαιςΙ)
906 4427 911 4493 Ι
926 4425 963 4482 21
983 4427 1126 4495 κειμενοι]
1147 4425 1219 4480 verb.
1232 4425 1256 4480 D
1272 4428 1275 4492 Ι
1291 4425 1330 4482 22
1349 4427 1478 4493 οιοικονΙ
1494 4424 1533 4480 23
1545 4423 1638 4494 τρυφὴ

338 4510 400 4579 CA]
417 4526 513 4580 τρσφη
526 4507 547 4562 Ρ
561 4511 566 4580 Ι
582 4527 618 4564 υκ
632 4509 636 4570 1
652 4508 692 4566 24
704 4509 854 4573 ausA÷D
868 4512 873 4578 Ι
889 4509 927 4568 26
941 4512 1031 4580 αλλην
1043 4513 1137 4581 θυραν
1149 4527 1332 4581 ανεωγμενην
1348 4508 1372 4562 Ρ
1386 4511 1392 4578 Ι
1406 4509 1445 4566 27
1458 4511 1590 4580 γλώσσης
1607 4505 1641 4576 Ρ]

337 4595 409 4650 verb.
428 4591 498 4647 odd.
