3706 5544
319 458 358 520 40
860 450 937 504 Bueh
954 450 1075 506 Henoch.

317 620 394 714 περὶ
411 619 471 702 τῆς
487 607 587 700 δόξης
601 618 657 680 καὶ
671 617 747 699 περὶ
764 617 825 700 τῆς
838 613 1067 703 μεγαλσσύνης
1090 609 1203 685 αύτοῦ.
1248 624 1286 684 17
1308 613 1349 686 τό
1372 617 1496 701 ἔδαφος
1519 611 1624 687 αύτοῦ

318 715 361 803 ἡν
375 709 489 801 πυρός,
500 709 540 782 τό
557 717 592 782 δὲ
608 706 783 801 ἀνώτερον
798 708 904 784 αύτοῦ
918 706 1003 802 ἦσαν
1018 709 1186 802 ἀστραπαὶ
1201 720 1257 784 καί
1272 719 1447 803 διαδρομαί
1463 709 1623 801 ἀστέρων,

318 819 373 884 καί
389 808 410 901 ἡ
425 817 524 900 στέγη
540 807 646 882 αὐτοῦ
663 803 705 900 ἦν
727 817 793 899 πῦρ
816 819 953 900 φλέγον.
991 823 1027 886 18
1050 813 1224 902 ἐθεώρουν
1245 818 1280 884 δὲ
1301 819 1357 884 καὶ
1380 815 1471 885 είδον
1493 811 1624 903 θρόνον

318 909 452 1001 ύφηλόν
478 919 534 982 καί
560 911 602 982 τό
630 913 717 993 είόος
739 907 844 981 αύτοῦ
867 908 944 982 ιύσεί
968 909 1215 1001 κρυστάλλινον
1235 917 1289 983 καί
1312 912 1434 1003 τροχός
1457 909 1506 996 ιύς
1526 910 1625 1001 ἡλίου

283 1027 300 1080 5
319 1009 581 1101 λάμποντοςκαὶ
591 1003 671 1099 όρος
682 1018 845 1100 χερουβίν.
870 1023 907 1083 19
917 1009 1147 1084 καλύποκάτω
1163 1019 1225 1084 τοῦ
1235 1011 1366 1100 θρόνου
1380 1013 1625 1102 ἐξεπορεύοντο

317 1118 466 1200 ποταμοὶ
481 1109 590 1199 πυρός
606 1109 806 1199 φλεγόμενοι
821 1119 877 1182 καὶ
895 1112 957 1182 ούκ
979 1111 1170 1202 ἐδυνάσθην
1192 1118 1282 1183 ίόείν.
1317 1123 1357 1185 20
1379 1109 1478 1202 καὶὴ
1501 1111 1582 1200 δόξα
1604 1109 1625 1202 ἡ

317 1208 443 1301 μεγάλη
457 1206 607 1298 ἐκάθητο
624 1206 675 1282 ἐπ’
692 1207 798 1301 αύτῷ·
822 1211 863 1283 τό
885 1209 1101 1300 περιβόλαιον
1116 1209 1221 1284 αύτοῦ
1237 1209 1295 1298 Ιοίς
1310 1211 1407 1298 είδος]
1428 1208 1526 1301 ἡλίου
1547 1221 1625 1303 λαμ-

317 1307 489 1400 πρότερον
503 1317 559 1380 καί
575 1307 776 1398 λευκότερον
791 1308 900 1400 πάσης
912 1309 1036 1400 χιόνος,
1071 1323 1108 1384 21
1126 1320 1181 1383 καὶ
1197 1309 1258 1384 ούκ
1281 1310 1421 1382 ἐδύνατο
1443 1318 1512 1396 πᾶς
1532 1311 1625 1402 άγγε-

320 1422 380 1493 λος
397 1420 583 1498 παρελθεῖν
597 1415 643 1494 είς
659 1408 722 1481 τόν
737 1411 833 1482 οίκον
846 1417 973 1482 τοῦτον
988 1421 1043 1483 καὶ
1064 1419 1147 1484 ίδείν
1167 1409 1209 1483 τό
1231 1409 1421 1502 πρόσωπον
1444 1407 1550 1483 αύτοῦ
1572 1411 1626 1483 διὰ

268 1531 301 1586 10
318 1509 360 1581 τό
377 1511 514 1600 ἔντιμον
529 1518 584 1580 καὶ
599 1511 747 1595 ἔνδοξον.
782 1517 837 1579 καί
853 1507 915 1582 ούκ
929 1510 1071 1583 ἐδύνατο
1087 1518 1178 1583 πάσα
1194 1509 1276 1600 σάρξ
1297 1515 1380 1582 ίδεῑν
1401 1507 1508 1583 αύτοῦ
1529 1523 1568 1584 22
1585 1510 1625 1582 τὸ

318 1615 386 1699 πῦρ
414 1605 625 1699 φλεγόμενον
651 1607 775 1698 κύκλῳ.
806 1619 863 1683 καὶ
888 1616 955 1698 πῦρ
976 1616 1059 1699 με’γα
1080 1608 1294 1700 παρειστήκει
1315 1609 1420 1701 αύτῷ,
1443 1617 1497 1681 καὶ
1519 1607 1626 1694 οὐδεὶς

319 1715 437 1800 ἐγγίζει
452 1707 546 1800 αύτῷ
558 1714 662 1797 (τῶν)
678 1707 802 1800 κύκλῳ,
818 1719 932 1802 μυρίαι
945 1709 1100 1799 μυριάδες
1116 1710 1259 1798 ἐστηκαν
1277 1710 1427 1782 ἐντόπιον
1442 1706 1556 1794 αὐτοῦ,
1572 1719 1626 1782 καὶ

319 1816 386 1892 πᾶς
406 1807 507 1900 λόγος
531 1804 637 1880 αὐτοῦ
660 1812 769 1898 ἔργον.
809 1822 849 1884 23
873 1817 928 1882 καὶ
951 1815 983 1882 οί
1005 1803 1093 1900 άγιοι
1115 1817 1188 1882 τῶν
1211 1805 1364 1899 άγγέλων
1385 1813 1418 1882 οί
1440 1812 1627 1900 ἐγγίζοντες

319 1905 413 1998 αύτῷ
430 1905 491 1981 ούκ
506 1905 744 1997 ἀποχωροῦσιν
760 1911 883 1993 νυκτὸς
898 1903 978 1982 ούτε
998 1907 1201 1998 άφίστανται
1216 1906 1329 1982 αύτού.
1366 1919 1404 1980 24
1419 1907 1515 2000 κάγώ
1539 1907 1626 2001 ἤμην

268 2028 301 2081 15
321 2007 385 2092 ἕως
406 2007 533 2079 τούτου
555 2011 611 2080 ἐπὶ
631 2005 821 2098 πρόσωπόν
842 2039 908 2100 μου
928 2016 1129 2099 βεβλημένος
1149 2014 1204 2079 καὶ
1227 2015 1369 2098 τρέμων.
1393 2016 1450 2081 καί
1472 2005 1491 2081 ό
1512 2009 1627 2101 κύριος

319 2113 371 2198 τῷ
398 2105 541 2197 στόματι
563 2104 669 2179 αύτού
695 2105 851 2181 ἐκάλεσέν
876 2138 915 2197 με
942 2116 998 2180 καὶ
1020 2112 1112 2181 είπέν
1133 2131 1202 2198 μοι·
1224 2104 1392 2198 πρόςελθε
1415 2101 1491 2195 τόδε,
1513 2107 1626 2200 Ἑνώχ,

318 2213 373 2278 καί
396 2209 459 2280 τόν
482 2205 586 2297 λόγον
606 2236 672 2297 μου
698 2205 853 2280 ἄκουσον.
906 2219 945 2282 25
975 2216 1031 2280 καί
1052 2207 1256 2297 προςελθιύν
1276 2236 1334 2297 μοι
1356 2207 1404 2292 είς
1425 2215 1499 2280 τῶν
1521 2205 1627 2299 άγίων

319 2304 450 2396 ἤγειρέν
475 2336 514 2398 με
539 2313 594 2379 καὶ
622 2310 760 2396 ἐστησέν
786 2337 825 2397 με
851 2315 906 2380 καὶ
928 2305 1138 2398 προςήγαγίν
1159 2335 1199 2395 με
1220 2312 1315 2396 μέχρι
1337 2313 1399 2397 τῆς
1419 2306 1537 2397 θύρας,
1560 2310 1625 2398 ίγοό

320 2412 356 2476 δὲ
376 2405 418 2477 τό
440 2403 629 2497 πρόσωπόν
651 2434 715 2496 μου
735 2404 831 2479 κάτω
856 2413 992 2496 ἔκυφον.

268 2519 302 2574 20
401 2511 469 2592 XV,
487 2521 501 2579 1
519 2513 583 2579 Καὶ
599 2503 797 2594 άποκριθείς
812 2509 906 2578 είπίν
926 2536 982 2598 μοι
1005 2502 1037 2594 [ό
1052 2505 1240 2595 ἄνθρωπος
1262 2501 1282 2578 ό
1304 2500 1468 2598 άληθινός
1490 2505 1626 2598 ἄνθρω-

319 2634 385 2688 πος
412 2613 471 2697 τῆς
497 2601 656 2697 άληθείας
682 2602 701 2678 ό
724 2606 955 2696 γραμματεύς]
979 2613 1117 2697 καὶτῆς
1149 2611 1266 2696 φωνῆς
1292 2603 1400 2679 αύτού
1420 2605 1560 2697 ἤκουσα·
1582 2606 1626 2697 μὴ

321 2713 487 2796 φοβηθῇς,
518 2703 621 2796 Ἐνοέχ
648 2702 700 2796 <ό>
724 2705 910 2795 ἄνθρωπος
940 2703 1103 2796 ἀληθινός
1132 2711 1187 2777 καὶ
1219 2707 1429 2796 γραμματεύς
1460 2713 1522 2797 τῆς
1549 2701 1626 2795 άλη-

320 2812 427 2891 θείας,
450 2803 618 2895 πρόςελθε
640 2799 706 2878 οἶδε
733 2814 789 2877 καὶ
811 2811 873 2895 τῆς
896 2814 1014 2896 φωνῆς
1035 2836 1100 2896 μου
1121 2805 1280 2877 ἄκουσον·
1322 2818 1341 2878 2
1363 2805 1553 2896 πορεύθητι
1573 2814 1628 2877 καί

321 2911 392 2976 εἰπὲ
414 2925 487 2990 τοῖς
506 2912 677 2997 πίμφασίν
704 2929 739 2978 σε
761 2933 780 2968 ιι
803 2932 821 2966 ⁴*
844 2935 862 2968 ι
885 2933 903 2967 ι
926 2910 1093 2998 ἐρωτῆσαι
1114 2902 1197 2995 ύμᾶς
1219 2908 1284 2976 ἐδει
1304 2912 1380 2994 περὶ
1403 2911 1475 2977 τῶν
1495 2899 1628 2994 ἀνθρώ-

269 3025 302 3082 25
320 3034 399 3076 πων
428 3014 485 3077 καὶ
514 3006 558 3096 μὴ
589 3008 671 3090 τούς
701 3003 908 3098 άνθριύπους
934 3013 1010 3096 περὶ
1036 3002 1140 3094 ύμῶν.
1189 3015 1206 3078 3
1230 3002 1284 3076 διά
1306 3011 1341 3075 τί
1361 3001 1543 3076 άπελίπετε
1564 3001 1627 3074 τόν

320 3102 469 3196 ούρανόν
496 3106 559 3178 τόν
584 3103 718 3196 ύψηλόν
747 3106 810 3178 τόν
831 3101 928 3196 άγιον
949 3111 1012 3178 τοῦ
1033 3111 1158 3187 αίῶνος
1179 3111 1235 3175 καὶ
1256 3104 1340 3194 μετὰ
1363 3111 1437 3176 τῶν
1458 3109 1628 3192 γυναικῶν

319 3204 523 3295 ἐκοιμήθητε
550 3214 606 3277 καὶ
626 3206 710 3297 μετά
733 3214 807 3277 τῶν
828 3212 1031 3294 θυγατέρων
1052 3211 1126 3275 τῶν
1147 3200 1347 3293 άνθρεόπων
1369 3200 1551 3292 ἐμιάνθητε
1571 3209 1628 3272 καί
1687 3283 1696 3303 ·

318 3303 455 3389 ἐλάβετε
491 3305 623 3388 ἑαυτοῖς
652 3324 810 3395 γυναῖκας
840 3310 928 3394 <καί>
961 3302 1075 3392 ὥσπερ
1105 3305 1171 3374 υίοὶ
1201 3309 1263 3392 τῆς
1289 3308 1349 3390 γῆς
1370 3299 1550 3392 ἐποιήσατε
1571 3312 1630 3374 καὶ

318 3403 517 3494 ἐγεννήσατε
544 3406 675 3487 ἑαυτοῖς
698 3411 801 3476 τέκνα
823 3405 916 3489 υίούς
938 3413 1106 3494 γίγαντας.
1150 3415 1169 3474 4
1190 3410 1246 3474 καὶ
1267 3397 1359 3492 ύμείς
1380 3394 1440 3492 ἦτε
1462 3394 1551 3490 άγιοι
1572 3408 1627 3473 καὶ

402 4019 453 4075 XV
472 4021 505 4075 σί.
523 4021 659 4076 Minucius
671 4020 755 4086 Felix,
775 4021 904 4076 Octavius
922 4037 944 4075 υ
957 4020 998 4074 26.
1011 4017 1137 4074 Clemens
1154 4017 1250 4073 homil.
1267 4017 1333 4073 VIII
1352 4019 1393 4081 13,
1411 4017 1477 4071 VIII
1489 4019 1529 4074 15.

402 4204 422 4260 4
440 4199 509 4261 ὡσεί
526 4206 624 4276 Swebe]
638 4220 700 4261 ωσν
714 4206 718 4274 Ι
733 4207 752 4262 5
766 4222 837 4275 ορος
848 4205 870 4258 Ρ
883 4195 1022 4273 όραοιςῑ)
1036 4195 1133 4273 ὄφεως
1145 4202 1166 4256 G
1177 4197 1269 4273 χορός
1280 4207 1312 4257 A.
1324 4201 1419 4278 Meyer
1433 4202 1438 4269 Ι
1453 4201 1472 4258 6
1486 4197 1626 4272 φλεγομέ-

318 4309 371 4347 νου
386 4291 433 4344 Ac
452 4290 536 4358 (wohl
552 4289 664 4360 richtig)
679 4291 683 4357 Ι
700 4292 718 4347 7
736 4281 775 4354 ὣς
792 4283 867 4353 είδος
884 4297 917 4348 <
929 4291 954 4342 A
965 4288 1031 4357 filgt
1048 4286 1069 4341 G
1084 4288 1088 4354 Ι
1105 4288 1144 4344 10
1161 4285 1231 4343 ίδεῖν
1248 4279 1343 4343 αὐτόν.
1373 4278 1407 4342 τό
1427 4289 1484 4355 πῦρ
1501 4287 1562 4342 κτλ.
1580 4288 1605 4339 A
1621 4287 1624 4352 Ι

320 4375 357 4431 12
375 4381 434 4430 τῶν
451 4382 483 4440 Ι-
503 4374 576 4430 Diels
595 4377 600 4444 Ι
621 4391 727 4443 εστηκα
745 4373 767 4427 Ρ
786 4365 940 4442 ἑστήκασιν
957 4371 1027 4427 Ildd.
1042 4373 1047 4440 Ι
1068 4372 1107 4429 13
1124 4365 1264 4442 α’γγέλοιν]
1291 4365 1382 4440 ἁγίων
1398 4372 1422 4424 A
1446 4371 1450 4438 Ι
1476 4371 1514 4426 17
1532 4372 1626 4426 καί-
1643 4409 1645 4415 -

319 4459 358 4516 18
370 4477 406 4525 με
419 4468 451 4518 <
463 4460 486 4513 A
502 4460 507 4528 Ι
522 4459 562 4516 20
575 4449 591 4513 ὁ
603 4489 636 4497 -
650 4457 687 4514 21
701 4451 887 4528 γραμματεύς
898 4467 931 4516 <
943 4461 968 4512 A
982 4459 986 4526 Ι
1002 4457 1041 4514 22
1060 4449 1076 4512 ὃ
1089 4466 1122 4517 <
1134 4457 1182 4510 PA
1196 4458 1201 4522 Ι
1217 4455 1257 4512 24
1274 4455 1367 4510 Lticke
1380 4454 1466 4509 durch
1477 4453 1626 4511 Ηοωσολιε-

318 4544 420 4599 leuton.
439 4543 502 4614 Erg.
515 4543 620 4598 nachA
634 4537 793 4614 (ἐρωτῆσαι
804 4543 871 4613 περί
883 4535 979 4598 αὐτῶν
990 4535 1173 4614 ἐγρηγόρσες)
1189 4541 1193 4610 Ι
1209 4539 1247 4598 25
1266 4543 1449 4596 απελειπεται
1466 4538 1489 4593 Ρ
1505 4541 1509 4607 Ι
1525 4538 1566 4596 28
1577 4541 1627 4595 καί

318 4635 351 4693 Ι-
361 4632 386 4683 A
400 4630 404 4696 Ι
421 4624 477 4696 <οί>
490 4624 568 4684 υίοίλ
583 4631 588 4696 Ι
603 4627 642 4684 29
655 4627 729 4683 vielL
747 4625 833 4684 τέκνα
850 4620 918 4691 τούς
935 4627 1076 4697 γίγαντας.
1613 4661 1615 4666 ·
