3706 5544
426 1668 449 1748 1,
474 1676 488 1734 1
517 1657 628 1751 Λόγος
649 1657 803 1750 εύλογ1ας
824 1655 937 1748 Ἑνώχ,
959 1661 1078 1742 καθώς
1097 1655 1275 1748 εὐλόγησεν
1294 1657 1474 1741 ἐκλεκτούς
1496 1663 1652 1740 δικαίους,

346 1767 472 1845 οἵτινες
494 1765 631 1834 ἔσονται
652 1763 698 1843 εἷς
720 1756 846 1850 ἡμέραν
861 1755 1010 1850 όνόγκης
1031 1763 1145 1848 ἐξᾶραι
1165 1755 1299 1840 πάντας
1320 1758 1402 1842 τούς
1423 1756 1575 1846 ἐχθρούς,
1597 1765 1652 1828 καὶ

346 1859 568 1950 σωθήσονται
599 1865 731 1932 δίκαιοι.
774 1871 793 1932 2
819 1867 876 1932 καὶ
903 1855 1086 1946 όναλαβοδν
1113 1856 1178 1947 τήν
1203 1856 1404 1948 παραβολήν
1427 1853 1534 1930 αύτοῦ
1560 1857 1653 1929 εἶπεν

344 1957 458 2049 Ἑνώχ,
480 1959 670 2049 ἄνθρωπος
691 1963 827 2042 δίκαιος,
850 1959 943 2030 ἔστιν
965 1951 1081 2046 ὅρασις
1101 1963 1139 2029 ἐκ
1158 1963 1245 2030 θεοῦ
1266 1954 1360 2047 αύτῷ
1383 1953 1588 2048 ἀνεῳγμένη,
1610 1955 1653 2047 ἢν

310 2070 326 2123 5
345 2063 431 2149 ἔχων
458 2060 524 2150 τήν
549 2053 668 2149 ὅρασιν
689 2064 754 2130 τοῦ
775 2055 873 2148 ἆγὶου
898 2056 986 2130 κατὰ
1011 2056 1093 2140 τούς
1118 2052 1284 2145 ούρανούς
1307 2087 1327 2123 ιε
1348 2087 1367 2122 ι
1389 2087 1409 2123 ιε
1430 2053 1560 2144 ἔδειξόν
1585 2083 1652 2144 μοι,

344 2167 401 2230 καὶ
422 2155 615 2248 ἆγιολόγων
634 2154 741 2248 ἇγίων
761 2153 888 2247 ήκουσα
910 2157 1051 2247 ἐγώκαὶ
1075 2152 1123 2239 ὥς
1144 2153 1271 2247 ἤκουσα
1285 2153 1366 2247 παρ’
1389 2154 1516 2241 αύτῶν,
1538 2152 1653 2227 πάντα

344 2265 399 2330 καὶ
422 2261 533 2349 ἔγνων
554 2259 621 2349 ἐγὼ
644 2265 798 2347 θεωρῶν.
834 2263 890 2328 καὶ
912 2252 974 2328 ούκ
996 2261 1043 2338 εἰς
1063 2256 1128 2347 τήν
1150 2263 1213 2329 νῦν
1227 2257 1347 2347 γενεὰν
1362 2254 1564 2345 διενοούμην
1579 2250 1654 2327 ἀλλ’

345 2362 400 2429 ἐπὶ
425 2353 547 2447 πόρρω
576 2351 682 2431 ούσαν
707 2358 774 2448 ἐγὼ
800 2364 906 2430 λαλῶ.
951 2366 970 2428 3
995 2363 1051 2428 καὶ
1078 2362 1250 2446 περὶτῶν
1276 2361 1450 2430 ἐκλεκτῶν
1475 2361 1539 2428 νῦν
1565 2360 1654 2443 λέγω

345 2462 402 2528 καὶ
423 2463 500 2547 περὶ
522 2453 638 2530 αύτῶν
659 2454 827 2543 ἀνέλαβον
841 2455 907 2546 τήν
920 2452 1120 2545 παραβολήν
1134 2479 1211 2546 μου·
1232 2462 1288 2527 καὶ
1304 2455 1512 2543 ἐξελεύσεται
1526 2451 1545 2527 ό
1561 2447 1655 2543 όγιός

295 2572 329 2627 10
348 2563 433 2644 [μου]
456 2550 476 2627 ό
498 2561 599 2646 μέγας
621 2561 658 2628 ἐκ
679 2561 741 2646 τῆς
761 2553 993 2646 κατοικήσεως
1015 2549 1134 2638 αύτού,
1166 2567 1186 2626 4
1212 2562 1267 2626 καὶ
1290 2550 1310 2627 ό
1332 2552 1413 2637 θεὸς
1440 2562 1503 2628 τοῦ
1529 2559 1655 2636 αἰῶνος

346 2658 402 2726 ἐπὶ
423 2661 488 2746 γῆν
508 2653 652 2746 πατήσει
674 2659 729 2727 ἐπὶ
750 2652 792 2727 τό
814 2650 889 2725 Σίν’
913 2647 994 2744 ὄρος
1013 2661 1069 2724 καὶ
1091 2651 1278 2744 φανήσεται
1300 2659 1337 2726 ἐκ
1358 2661 1421 2745 τῆς
1440 2658 1655 2745 παρεμβολῆς

347 2750 454 2826 αύτοῦ
473 2760 530 2827 καὶ
545 2752 734 2845 φανήσεται
749 2759 787 2826 ἐν
802 2761 845 2843 τῇ
860 2751 997 2842 δυνάμει
1016 2759 1077 2844 τῆς
1097 2753 1209 2842 ἰσχύος
1223 2751 1330 2827 αύτοῦ
1344 2749 1414 2827 ἀπὸ
1428 2761 1494 2827 τοῦ
1508 2755 1655 2843 ούρανοῦ

346 2861 422 2925 τῶν
455 2849 622 2942 οὐρανῶν.
665 2868 683 2926 5
713 2863 770 2926 καὶ
800 2851 1060 2943 φοβηθήσονται
1090 2851 1231 2940 πάντες,
1267 2859 1322 2927 καὶ
1357 2852 1592 2926 πιστεύσουσιν
1622 2856 1655 2924 οἱ

347 2950 526 3043 ἐγρήγοροι
558 2959 624 3039 [καὶ
651 2947 778 3046 ᾄσωσιν
812 2950 995 3043 ἇπόκρυφα
1022 2956 1060 3024 ἐν
1085 2959 1189 3025 πᾶσιν
1215 2971 1286 3037 τοῖς
1313 2952 1431 3042 ἄκροις
1460 2959 1522 3045 τῆς
1553 2958 1655 3043 (γῆς),

295 3059 329 3114 15
346 3057 403 3120 καὶ
425 3049 664 3140 σεισθήσονται
678 3051 793 3125 πάντα
807 3052 850 3125 τὰ
866 3052 954 3142 ἄκρα
969 3057 1030 3141 τῆς
1045 3057 1115 3142 γῆς]
1137 3060 1193 3124 καὶ
1207 3050 1376 3144 λήμψεται
1392 3049 1517 3137 αύτούς
1531 3049 1657 3142 τρόμος

346 3159 402 3222 καὶ
425 3147 531 3239 φόβος
557 3157 657 3242 μέγας
683 3159 776 3242 μέχρι
803 3159 878 3224 τῶν
903 3148 1066 3238 περύτων
1087 3158 1150 3243 τῆς
1175 3157 1243 3242 γῆς.
1286 3165 1305 3226 6
1334 3160 1391 3225 καὶ
1417 3150 1656 3242 σεισθήσονται

346 3259 403 3322 καὶ
424 3257 610 3324 πεσοῦνται
636 3257 693 3322 καὶ
720 3248 987 3341 διαλυθήσονται
1010 3243 1072 3339 όρη
1099 3247 1228 3341 ύφηλύ,
1255 3260 1312 3324 καὶ
1334 3249 1657 3340 ταπεινωθήσσνται

347 3358 463 3434 βουνοὶ
489 3348 617 3441 ύψηλολ
642 3357 718 3436 [τοῦ
745 3357 922 3439 διαρυήναι
948 3343 1021 3440 ὄρη]
1052 3358 1109 3421 καὶ
1144 3347 1352 3440 τακήσονται
1383 3348 1431 3435 ὥς
1456 3349 1561 3440 κηρὸς
1588 3347 1656 3422 όπό

347 3448 537 3535 προσώπου
558 3447 668 3540 πυρός
682 3455 720 3522 ἐν
742 3456 854 3539 φλογί.
890 3461 909 3520 1
931 3456 987 3520 καὶ
1007 3447 1278 3540 διασχισθήσεται
1300 3447 1320 3540 ή
1341 3457 1383 3540 γή
1404 3458 1520 3540 σχλσμα
1540 3447 1658 3540 ραγόδι

296 3554 330 3610 20
347 3555 404 3619 καὶ
424 3545 540 3620 πάντα
566 3542 628 3621 όσα
655 3553 748 3621 ἐστὶν
774 3554 829 3620 ἐπὶ
856 3555 918 3639 τῆς
944 3554 1005 3638 γής
1027 3546 1217 3634 ἀπολεῖται,
1243 3557 1299 3622 καὶ
1326 3558 1432 3640 κρίσις
1454 3553 1547 3622 ἔσται
1568 3549 1657 3621 κατὰ

347 3644 500 3718 πάντων.
537 3657 555 3720 8
577 3655 634 3719 καὶ
654 3648 738 3737 μετὰ
759 3655 833 3719 τῶν
855 3654 998 3719 δικαίων
1018 3648 1084 3737 τήν
1104 3645 1241 3740 εἰρήνην
1258 3647 1401 3739 ποιήσει,
1423 3657 1479 3720 καὶ
1499 3654 1554 3721 ἐπὶ
1577 3648 1657 3732 τούς

434 4116 482 4180 218
499 4118 593 4170 καλ-
606 4117 711 4172 δίκαιοι
728 4125 761 4175 <
778 4119 804 4169 A
822 4117 826 4183 Ι
846 4116 864 4172 ὅ
882 4135 932 4172 και
948 4133 999 4172 του
1017 4117 1149 4188 ουρανον]
1173 4115 1247 4172 verb.
1265 4117 1338 4170 nach
1356 4117 1381 4170 A
1400 4117 1404 4184 Ι
1425 4117 1517 4173 Liicke
1534 4118 1607 4172 nach
1624 4120 1657 4178 A,

348 4215 404 4268 erg.
422 4193 504 4266 εἶδεν,
524 4199 556 4270 ήν
575 4195 604 4256 ολ
620 4193 758 4269 ἄγγελοι1
774 4201 870 4269 εδιξεν]
889 4201 964 4255 verb.
982 4199 1003 4254 0
1020 4201 1093 4255 nach
1110 4202 1135 4255 A
1150 4203 1154 4268 Ι
1169 4203 1189 4258 θ
1206 4195 1368 4270 ἆγιολδγοιν
1385 4231 1418 4240 -
1429 4203 1480 4257 καλ
1496 4197 1537 4268 ὼς
1554 4211 1588 4261 <
1605 4205 1631 4255 A
1653 4202 1657 4268 Ι

352 4285 366 4338 7
387 4282 556 4352 διενοούμην
573 4293 606 4343 <
622 4287 647 4337 A
662 4286 667 4352 Ι
682 4285 701 4341 8
719 4280 778 4354 ἐγὼ
795 4286 872 4338 λαλῶ
889 4287 922 4338 A.
935 4284 1030 4353 Meyer
1046 4284 1145 4354 Swebe]
1164 4301 1221 4355 εγω
1240 4289 1316 4340 αλλοι
1333 4284 1364 4351 Ρ,
1384 4295 1416 4343 <
1433 4287 1459 4339 A
1473 4289 1478 4355 Ι
1492 4293 1543 4342 νῦν
1560 4295 1594 4346 <
1611 4287 1637 4339 A
1652 4287 1656 4352 1

349 4367 368 4422 9
386 4385 454 4436 μον·
472 4369 521 4422 καλ
538 4377 571 4427 <
583 4371 609 4421 A
623 4370 627 4436 Ι
645 4368 684 4424 10
701 4387 758 4436 μου
771 4367 838 4438 tilgt
848 4367 881 4434 D,
898 4369 948 4425 καὶ
959 4370 984 4423 A
999 4369 1004 4437 Ι
1020 4369 1057 4425 11
1077 4387 1140 4425 επει
1156 4388 1210 4440 γην
1221 4368 1254 4439 Ρ]
1273 4362 1370 4424 ἔπειτα
1383 4367 1450 4424 oder
1461 4366 1595 4426 δκεϊθενθ
1613 4371 1638 4424 A
1654 4369 1658 4438 1

351 4453 387 4508 11
407 4452 620 4524 παρενβοληςΡ
635 4453 639 4520 Ι
656 4453 695 4508 18
712 4458 771 4508 τῶν
790 4449 920 4526 οὐρανῶν
937 4461 971 4512 <
985 4455 1009 4507 A
1024 4453 1028 4520 Ι
1044 4451 1249 4522 πιστεύσουσιν]
1267 4453 1441 4522 πτὴξονσιν1
1459 4455 1660 4523 σεισθήσονται

349 4537 448 4604 D114
466 4567 500 4576 -
519 4539 555 4593 1⁵
573 4535 906 4608 γῆς<Α1ἰΙς1Βγῆς
924 4534 1021 4604 -1-Ι)Ι
1045 4538 1084 4594 18
1101 4545 1153 4593 τοῦ
1170 4538 1316 4608 διαρεῆναι
1335 4531 1388 4608 δ’ρη
1406 4537 1472 4609 fflgt
1490 4535 1530 4606 Ol
1551 4538 1589 4594 19
1608 4557 1659 4608 ρα-

350 4621 438 4691 γαδει]
456 4617 583 4692 ραγῶδες
600 4621 654 4676 Dc,
683 4621 740 4676 Das
757 4623 861 4677 museto
877 4618 1015 4693 ῥαγδαῖον
1032 4621 1140 4677 heissen
1156 4625 1160 4690 Ι
1176 4621 1217 4677 20
1234 4639 1296 4678 επει
1311 4621 1316 4689 Ι
1332 4622 1370 4677 21
1389 4621 1472 4693 μετὰ]
1489 4641 1573 4692 μεγα.
