3706 5544
331 443 370 504 30
875 431 953 488 Buoh
970 431 1093 489 Henooh.

330 594 485 686 ἐπλήσθη
509 598 650 685 αἳματος
670 604 726 667 καὶ
749 591 886 679 ἀδικίας.
924 608 962 668 10
983 601 1038 667 καὶ
1061 601 1123 668 νῦν
1145 594 1219 668 ἰδού
1239 603 1367 680 βοῶσιν
1388 599 1423 667 αί
1444 606 1548 686 ψυχαὶ
1569 604 1643 669 τῶν

331 692 629 786 τετελευτηκότων
658 702 714 766 καὶ
743 693 1005 786 ἐντυγχάνουσιν
1031 701 1125 786 μέχρι
1153 703 1227 769 τῶν
1251 702 1374 767 πυλῶν
1401 701 1465 768 τοῦ
1487 692 1642 785 ούρανοῦ,

330 802 386 865 καὶ
401 791 503 884 ἀνέβη
519 790 538 868 ό
554 796 740 886 στεναγμὸς
756 792 882 880 αύτῶν,
904 801 961 867 καί
975 791 1017 867 ού
1030 794 1172 866 δύναται
1190 800 1342 883 ἐξελθεῖν
1364 792 1432 868 ἀπό
1454 796 1644 885 προσώπου

330 902 404 967 τῶν
418 899 474 967 ἐπὶ
489 901 550 986 τῆς
565 902 625 986 γῆς
640 902 832 987 γινομένων
846 891 1087 986 ἀνομημάτων.
1131 908 1169 967 11
1185 901 1241 966 καὶ
1262 895 1303 966 σύ
1323 893 1438 968 πάντα
1460 897 1554 980 σίδας
1574 897 1643 988 πρὸ

295 1009 312 1064 5
331 1003 393 1068 τοῦ
419 991 507 1068 αύτά
534 1001 691 1085 γενέσθαι
712 1003 769 1068 καὶ
791 995 832 1068 σύ
853 991 935 1090 δρᾷς
958 1001 1064 1068 ταῦτα
1085 1000 1142 1066 καί
1164 997 1221 1088 ἐᾷς
1242 991 1367 1078 αύτούς
1387 1002 1444 1066 καί
1465 993 1542 1068 σύδὲ
1565 992 1644 1087 ήμῖν

330 1101 445 1184 λέγεις,
469 1102 503 1166 τί
524 1100 575 1166 δεῖ
593 1115 707 1168 ποιεῖν
729 1092 853 1181 αύτούς
873 1104 952 1185 περὶ
973 1093 1117 1168 τούτων.

412 1200 449 1282 Χ,
473 1208 488 1266 1
517 1191 599 1266 Τότε
627 1187 770 1283 ύφιστος
796 1198 891 1268 εἶπεν
919 1201 1004 1284 [περὶ
1031 1193 1180 1285 τούτων]
1208 1189 1228 1266 δ
1254 1201 1355 1285 μέγας
1377 1186 1473 1284 άγιος
1493 1202 1550 1266 καὶ
1570 1193 1643 1267 έλά-

332 1306 435 1386 λησεν
453 1301 509 1368 καὶ
525 1295 631 1384 [εἶπεν
645 1303 713 1381 καὶ]
733 1297 882 1382 ἔπεμψεν
901 1290 1051 1386 Ἰστραήλ
1073 1293 1159 1379 πρὸς
1181 1293 1245 1368 τὸν
1265 1293 1341 1366 υίόν
1363 1300 1482 1384 Λέμεχ·
1504 1306 1523 1368 2
1545 1297 1644 1368 είτον

332 1393 426 1486 αύτῷ
445 1399 501 1467 ἐπὶ
516 1400 567 1484 τῷ
584 1398 653 1485 ἐμῷ
669 1390 828 1485 ὀνόματι·
849 1393 983 1482 κρύφον
997 1391 1150 1467 σεαυτόν.
1188 1401 1245 1465 καί
1259 1391 1419 1484 δήλωσον
1434 1390 1529 1484 αύτῷ
1545 1400 1644 1478 τέλος

281 1501 314 1556 10
331 1490 572 1585 ἐπερχόμενον,
594 1487 684 1584 ότιή
705 1500 747 1586 γῆ
763 1491 955 1568 ἀπόλλυται
975 1501 1068 1566 πᾶσα
1088 1499 1144 1566 καί
1166 1491 1401 1584 κατακλυσμὸς
1423 1500 1537 1584 μέλλει
1558 1502 1644 1583 γίνε-

331 1604 412 1666 σθαι
441 1590 551 1684 πάσης
581 1600 643 1684 τῆς
673 1601 733 1685 γῆς
764 1601 821 1666 καὶ
851 1591 1008 1666 ἀπολέσει
1033 1591 1149 1666 πάντα
1179 1587 1242 1666 όσα
1264 1589 1330 1666 ἔστ’
1353 1597 1390 1667 έν
1410 1589 1505 1683 αύτή.
1548 1599 1644 1668 3καί

331 1699 468 1780 δίδαξον
482 1691 599 1780 αύτόν,
616 1688 713 1777 ὅπως
733 1693 861 1784 έκφύγη
876 1701 932 1766 καί
946 1701 1029 1784 μένη
1044 1692 1086 1766 τό
1102 1700 1233 1785 σπέρμα
1256 1689 1363 1766 αύτοῦ
1383 1698 1430 1778 είς
1451 1691 1561 1776 πάσας
1582 1692 1644 1776 τάς

331 1793 448 1882 γενεάς
463 1798 526 1866 τού
547 1797 680 1877 αἰῶνος.
716 1801 804 1866 4καὶ
819 1799 871 1884 τῷ
886 1789 1042 1884 Ῥαφαήλ
1064 1796 1170 1866 εἶπεν·
1192 1798 1296 1884 δῆσον
1318 1791 1382 1866 τόν
1401 1789 1520 1884 Ἀζαήλ
1542 1801 1645 1866 ποσὶν

331 1899 387 1965 καί
401 1900 514 1982 χερσῖν
527 1901 584 1966 καὶ
597 1891 678 1981 βάλε
694 1890 801 1966 αύτδν
823 1897 869 1978 είς
889 1892 931 1966 τὸ
954 1890 1086 1976 σκότος,
1107 1899 1164 1966 καὶ
1186 1891 1327 1980 ἄνοιξον
1347 1891 1412 1983 τήν
1434 1896 1559 1984 ἔρημον
1580 1892 1645 1983 τήν

280 2008 313 2062 15
331 1986 437 2065 οὖσαν
459 1998 497 2065 ἐν
518 2000 569 2083 τῷ
591 1993 745 2083 Δαδουὴλ
767 1990 865 2066 κάκεῖ
882 1991 964 2082 βάλε
987 1989 1103 2078 αύτόν,
1139 2007 1157 2065 5
1179 1999 1234 2063 καί
1255 1989 1386 2076 ύπόθες
1408 1989 1502 2082 αύτῷ
1525 2001 1645 2074 λίθους

332 2110 465 2182 τραχεῖς
494 2101 551 2164 καὶ
579 2088 665 2179 όξεῖς
694 2100 751 2166 καὶ
780 2090 994 2180 έπικάλυψον
1024 2089 1119 2183 αύτῷ
1150 2091 1192 2165 τὸ
1220 2090 1353 2178 σκότος,
1383 2098 1440 2165 καί
1474 2089 1644 2183 οίκησάτω

332 2197 401 2263 ἐκεῖ
417 2197 465 2276 είς
479 2191 560 2276 τούς
582 2199 717 2280 αίῶνας,
733 2199 790 2264 καὶ
811 2192 876 2283 τήν
898 2187 981 2280 ὄφιν
1003 2189 1108 2264 αύτοῦ
1129 2191 1303 2280 πσόμασον,
1319 2199 1374 2264 καὶ
1391 2199 1467 2280 φῶς
1488 2191 1533 2282 μή
1554 2201 1644 2262 θεω-

332 2297 443 2382 ρείτω.
490 2303 509 2365 6
531 2298 587 2364 καί
613 2294 650 2363 έν
676 2299 720 2381 τῇ
746 2289 852 2384 ἡμέρᾳ
878 2299 923 2382 τῇ
948 2290 1075 2382 μεγάλη
1098 2297 1160 2380 τῆς
1179 2300 1322 2381 κρίσεως
1343 2289 1576 2382 άπαχθήσεται
1598 2295 1645 2375 είς

333 2391 396 2464 τόν
418 2389 633 2481 έμπυρισμόν.
677 2403 696 2462 7
717 2398 773 2463 καὶ
794 2389 973 2482 ἰαθήσεται
994 2389 1015 2483 ή
1037 2399 1088 2482 γῆ,
1111 2387 1155 2480 ήν
1174 2387 1345 2483 ἠφάνισαν
1367 2395 1400 2464 σί
1422 2391 1567 2482 ἄγγελοι,
1589 2396 1644 2461 καὶ

280 2501 315 2558 20
332 2490 397 2580 τήν
422 2494 512 2562 ἴασιν
539 2497 601 2580 τῆς
627 2497 687 2582 γής
713 2489 881 2583 δήλωσον,
903 2495 959 2562 ἵνα
979 2488 1145 2564 ίάσωνται
1166 2491 1231 2581 τήν
1251 2489 1395 2582 πληγήν,
1417 2492 1473 2563 ίνα
1494 2491 1539 2581 μή
1562 2487 1645 2564 άπό·

332 2657 402 2716 αύτά
427 2653 506 2726 σίδας
527 2659 584 2734 πρδ
606 2668 659 2717 τοῦ
684 2658 755 2717 αύτά
783 2659 918 2732 γενέσθαι
940 2662 989 2718 καί
1015 2657 1086 2737 δρᾷς
1112 2659 1216 2728 αύτούς
1231 2663 1281 2718 καί
1303 2659 1352 2738 ἐᾷς
1369 2660 1472 2728 αύτούς
1496 2663 1546 2718 καί
1564 2660 1644 2718 οἰδὲν

331 2745 429 2817 λέγεις.
452 2746 480 2801 τί
492 2748 537 2803 δεῖ
543 2753 659 2815 ποιήσω
677 2745 780 2812 αύτούς
792 2749 857 2818 περὶ
868 2745 983 2810 τσύτου;
1000 2745 1065 2802 τότε
1079 2742 1095 2800 ό
1107 2739 1227 2816 ύφιστος
1238 2739 1319 2803 εἶπεν
1330 2749 1378 2803 καί
1392 2743 1408 2801 δ
1426 2741 1509 2818 ἅγιος
1526 2743 1644 2818 δμέγας

332 2827 451 2900 έλάλησε
468 2833 518 2888 καί
536 2825 665 2902 ἔπεμψεν
682 2830 734 2887 τδν
755 2829 856 2904 Ούριήλ
874 2830 947 2904 πρὸς
964 2829 1014 2888 τόν
1031 2827 1094 2886 υίδν
1112 2830 1214 2902 Λάμεχ
1235 2830 1339 2902 λέγων·
1361 2829 1486 2904 πορεύου
1504 2830 1576 2902 πρὸς
1592 2829 1643 2887 τόν

333 2918 399 2972 Νῶε
418 2915 467 2972 καὶ
484 2909 567 2972 εἶπον
585 2913 661 2990 αύτῷ
678 2922 719 2990 τῷ
737 2912 797 2989 ἐμῷ
816 2914 949 2984 ὀνόματι·
968 2913 1081 2990 κρύφον
1099 2915 1227 2972 σεαυτόν.
1261 2918 1310 2972 καί
1326 2918 1454 2986 δήλωσον
1472 2913 1547 2990 αύτῷ
1565 2915 1646 2983 τέλος

334 2997 536 3073 ἐπερχόμενον,
555 2995 599 3056 ύτι
616 3000 633 3069 ὴ
652 3005 688 3071 γῆ
705 2997 863 3056 ἀπόλλυται
880 3006 968 3056 πᾶσα.
1001 3001 1050 3056 καί
1068 2993 1151 3056 είπον
1169 2999 1254 3074 αύτῷ,
1272 2995 1317 3056 δτι
1334 3000 1534 3070 κατακλυσμὸς
1549 2999 1645 3070 μέλλει

333 3086 463 3154 γίνεσθαι
486 3083 579 3156 πάσης
600 3091 650 3154 τῆς
670 3092 729 3156 γῆς,
756 3082 897 3142 ἀπολέσαι
923 3084 1017 3142 πάντα
1044 3081 1102 3141 ύπό
1130 3082 1288 3156 προσώπου
1309 3091 1359 3154 τῆς
1376 3091 1434 3157 γῆς.
1465 3086 1576 3151 δίδαξον
1594 3083 1645 3140 τόν

333 3170 451 3235 δίκαιον,
465 3171 494 3225 τί
510 3172 629 3240 ποιήσει,
648 3168 699 3224 τόν
711 3166 774 3224 υίδν
786 3167 896 3239 Λάμεχ.
923 3170 972 3224 καί
988 3170 1040 3238 τήν
1057 3171 1151 3239 ψυχήν
1169 3167 1257 3226 αύτοῦ
1270 3167 1311 3235 είς
1323 3171 1398 3238 ζωήν
1416 3172 1580 3240 συντηρήσει
1596 3171 1646 3226 καί

333 3250 499 3324 ἐκφεύξεται
516 3252 544 3309 δί
562 3253 674 3320 αἰῶνος,
691 3255 742 3310 καί
759 3249 791 3320 ἐξ
808 3248 896 3308 αύτοῦ
914 3255 1120 3323 φυτευθήσεται
1139 3253 1267 3324 φύτευμα
1288 3255 1338 3310 καί
1361 3257 1534 3324 σταθήσεται
1551 3252 1647 3320 πάσας

332 3335 383 3404 τάς
394 3337 495 3408 γενεὰς
510 3346 562 3394 τοῦ
574 3337 686 3403 αἰῶνος.
711 3341 761 3394 καί
772 3329 944 3411 τῷῬαφσήλ
956 3331 1030 3394 εἷπε·
1042 3337 1175 3411 πορεύου,
1183 3332 1314 3411 Ῥαφαήλ,
1327 3339 1376 3395 καί
1384 3340 1469 3407 δῆσαν
1481 3338 1532 3394 τόν
1550 3333 1646 3407 Ἄζαήλ

332 3425 414 3494 χερσί
434 3425 483 3480 καῖ
509 3424 578 3480 ποσί
601 3423 775 3491 συμπόδισον
794 3420 881 3480 αύτδν
898 3424 948 3478 καί
964 3421 1034 3496 βάλε
1053 3418 1140 3480 αθιδν
1162 3423 1204 3490 εἰς
1220 3422 1253 3479 τό
1273 3423 1375 3489 σκότος
1395 3425 1444 3479 καί
1461 3418 1578 3490 ἄνοιξον
1595 3425 1645 3491 τήν

335 3503 442 3580 ἔρημον
459 3509 510 3577 τήν
528 3499 616 3563 οὖσαν
629 3503 708 3580 ἐντῷ
727 3503 843 3582 [έρήμφ]
861 3510 990 3578 Δουδαήλ
1006 3510 1056 3564 καί
1072 3505 1135 3565 ἐκεῖ
1149 3509 1302 3580 πορευθείς
1318 3507 1389 3581 βάλε
1401 3505 1500 3563 αὐτόν·
1518 3508 1568 3563 καί
1579 3503 1646 3563 ύπό-

334 3595 385 3657 θες
394 3590 471 3666 αύτῷ
485 3593 585 3657 λίθους
597 3589 732 3658 deamat
743 3593 842 3658 λίθους
852 3594 1024 3664 τραχεῖςκσῖ
1035 3589 1213 3663 έπικάλυψον
1225 3591 1302 3666 αύτῷ
1317 3592 1426 3658 σκότος,
1438 3593 1488 3648 καί
1503 3589 1646 3660 οίκησάτω

335 3673 397 3732 ἐκεῖ
411 3674 452 3742 εἰς
470 3675 521 3732 τόν
539 3675 639 3742 αἰῶνα,
657 3679 706 3732 καὶ
723 3678 774 3746 τήν
793 3670 861 3748 διμιν
885 3673 973 3733 αἰτοῦ
990 3673 1140 3745 πώμασυν,
1159 3678 1207 3732 καί
1227 3683 1288 3748 φῶς
1303 3677 1342 3746 μή
1361 3677 1514 3748 θεωρείτω.
1548 3677 1597 3732 καί
1615 3673 1646 3731 έν

335 3765 369 3829 τῇ
386 3758 479 3836 ἡμέρᾳ
497 3767 547 3829 τῆς
562 3762 683 3834 κρίσεως
701 3757 899 3833 άπαχθήσεται
916 3759 958 3826 είς
974 3759 1026 3817 τὸν
1043 3758 1222 3832 έμπυρισμδν
1239 3767 1292 3816 τοῦ
1307 3760 1404 3833 πυρός.
1433 3762 1482 3816 καὶ
1500 3756 1578 3816 ἴασαι
1594 3761 1645 3828 τήν

335 3851 395 3915 γῆν,
416 3845 449 3916 ήν
467 3845 609 3918 ἠφάνισαν
628 3843 656 3902 οί
673 3843 834 3918 ἐγρήγσροι,
852 3848 902 3902 καί
918 3847 969 3915 τήν
987 3840 1062 3902 ἴασιν
1080 3851 1130 3913 τῆς
1150 3851 1202 3916 γής
1219 3845 1353 3914 δήλωσον,
1374 3839 1423 3900 ίνα
1442 3843 1579 3901 δάσωνται
1595 3846 1645 3912 τήν

335 3933 388 3996 γῆν
405 3929 454 3984 καί
470 3932 509 3999 μή
528 3928 693 3988 ἀπόλωνται
715 3928 821 3996 πάντες
839 3927 868 3986 σί
884 3926 942 3986 υἱοί
957 3936 1015 3986 τῶν
1033 3927 1197 4002 ἀνθρώπων
1215 3926 1304 4004 ἐντῷ
1321 3929 1464 4002 μυστηρίῳ
1483 3925 1500 3984 δ
1517 3921 1599 3984 εἶπον
1618 3924 1647 3984 σί

419 4063 452 4130 X,
470 4066 487 4120 2
507 4067 541 4120 cf.
559 4067 684 4122 Clemens
702 4066 821 4136 Recogn.
840 4065 879 4119 1v
892 4066 933 4134 26,
945 4067 979 4121 27
996 4066 1116 4136 Recogn.
1129 4066 1187 4122 129
1204 4064 1293 4120 Julius
1309 4063 1453 4119 Africanus
1471 4064 1544 4135 apud
1562 4063 1645 4118 Geor·

336 4146 413 4218 gium
431 4149 591 4219 syncellum
608 4168 634 4222 p.
652 4152 686 4207 20
704 4150 778 4205 Goar
794 4167 820 4221 p.
839 4152 873 4206 35
891 4149 973 4205 Dind.

421 4286 442 4340 4
461 4286 567 4352 οιδεςΡ
582 4287 587 4354 Ι
602 4286 621 4343 7
639 4279 719 4342 εἶπεν
734 4288 804 4346 <A
819 4289 824 4352 1
838 4287 908 4359 περὶ
924 4278 1038 4342 τούτων
1055 4301 1104 4339 aus
1122 4284 1171 4339 der
1188 4285 1430 4356 vorhergehenden
1443 4283 1516 4339 Zeile
1534 4283 1645 4338 wieder-

335 4369 398 4424 holt
415 4379 448 4430 <
467 4371 492 4424 A
508 4371 610 4441 Syna!
629 4371 649 4429 Β
667 4364 747 4427 εἶπεν
763 4371 813 4426 καί
830 4380 864 4429 <
881 4374 906 4426 Δ
924 4371 1003 4441 βγοα
1023 4373 1027 4438 Ι
1050 4371 1089 4427 10
1115 4363 1263 4426 ἀπολεῖται
1281 4369 1344 4436 Α’ίΙ
1365 4362 1421 4425 ἔστ’
1438 4363 1479 4438 έν]
1501 4383 1581 4424 εστιν
1598 4367 1620 4422 Ρ
1641 4418 1643 4429 ,

337 4455 376 4510 15
394 4453 446 4509 lies
463 4449 595 4524 Δουδαήλ
610 4457 614 4524 Ι
630 4451 729 4520 έπίθες
746 4457 770 4509 Δ
794 4457 799 4520 Ι
824 4455 863 4512 18
880 4460 916 4526 τῇ
932 4450 1044 4527 μεγάλη
1061 4454 1094 4524 Δ]
1118 4461 1168 4522 τῆς
1183 4449 1310 4524 μεγάλης
1327 4453 1349 4508 Ρ
1370 4457 1421 4522 τῆς
1441 4446 1566 4524 μεγάλης
1587 4453 1644 4520 κρί-

337 4555 412 4603 σευς
428 4539 452 4594 D
476 4542 481 4604 Ι
507 4540 545 4597 19
563 4537 642 4597 ίιισαι
660 4533 712 4610 τήν
729 4545 783 4611 γῆν
800 4542 823 4594 Δ
842 4540 923 4610 Syne.
943 4543 947 4608 Ι
963 4556 1119 4610 εφανεισαν
1136 4539 1158 4592 Ρ
1183 4543 1187 4608 Ι
1211 4539 1251 4596 20
1267 4531 1315 4593 ἵνα
1332 4531 1382 4608 μή]
1400 4540 1449 4594 καῖ
1466 4531 1505 4606 μή
1524 4539 1549 4591 A
1566 4537 1646 4606 Syna.

338 4641 384 4676 ινα
402 4641 459 4693 μην
476 4624 498 4679 Ρ
