3706 5544
323 457 363 522 58
885 453 962 508 Buoh
979 451 1101 508 Honooh.

322 620 379 686 καὶ
399 612 543 705 ξηρὰνέ
543 609 580 684 π’
602 612 717 702 ἄκρων
737 621 812 686 τῶν
837 622 945 704 τριῶν
968 609 1083 705 ὀρέων.
1119 618 1213 686 δοιαὶ
1235 617 1340 684 πᾶσαι
1359 607 1526 700 φάραγγές
1547 611 1630 680 εἰσιν

323 721 456 798 βαθεῖαι
477 719 514 786 ἐκ
535 719 662 803 πέτρας
684 719 829 803 στερεᾶς,
859 721 916 785 καὶ
946 719 1088 805 δένδρον
1119 709 1181 785 ούει
1212 708 1397 800 ἐφοτεύετο
1434 705 1486 782 ἐπ’
1517 704 1630 792 αύτύς.

324 825 343 887 6
363 819 418 884 καὶ
440 811 613 901 ἐθαύμασα
632 819 710 902 περὶ
731 817 793 902 τῆς
814 809 988 903 φάραγγος
1009 822 1065 885 καὶ
1087 820 1164 885 λέαν
1185 810 1359 901 ἐθαύμασα

404 916 538 998 XXVII,
564 926 578 985 1
602 918 658 984 καὶ
680 912 790 984 εἶπον·
826 911 880 984 διὰ
903 909 980 984 τίς
959 941 981 1003 η
1002 917 1043 1003 γῆ
1070 905 1156 1002 αύτη
1177 941 1199 1002 η
1187 907 1431 1002 ἠύλσγημένη
1458 914 1515 981 καὶ
1540 913 1631 982 πᾶσα

289 1009 452 1103 οπλήρης
474 1017 634 1102 δένδρων,
661 1007 747 1100 αύτη
778 1007 861 1082 δὲ’
840 1040 861 1101 η
884 1009 1015 1099 φάραγξ
1044 1017 1297 1100 κεκατηραμένη
1328 1013 1421 1080 ἐστίν
1443 1039 1462 1074 ιι
1485 1039 1504 1074 ι
1527 1039 1546 1074 ι
1569 1039 1587 1074 ι
1610 1037 1628 1074 ι

322 1143 341 1178 ιε
362 1143 382 1178 ιι
404 1143 423 1178 ιε
445 1144 465 1179 τι
487 1144 505 1179 ιι
528 1144 547 1179 ιι
569 1143 588 1178 ιι
611 1144 629 1179 ιι
652 1145 671 1180 ιε
694 1145 712 1180 ιι
735 1145 754 1180 ιι
807 1116 849 1200 γῆ
884 1140 1077 1199 καταρατος
1112 1129 1185 1195 τοῖς
1219 1112 1503 1198 κεκαταραμένοις
1540 1108 1633 1176 ἐστὶν

322 1213 417 1297 μέχρι
431 1213 566 1292 αἰῶνος.
610 1200 677 1281 ὦδε
691 1208 1018 1301 ἐπισυναχθήσονται
1037 1208 1174 1295 πάντες,
1189 1213 1313 1291 οἵτινες
1332 1213 1467 1294 ἐροῦσιν
1481 1211 1533 1295 τῷ
1557 1199 1631 1274 στύ-

322 1335 403 1395 ματι
429 1304 547 1379 αὐτῶν
572 1306 661 1381 κατὰ
687 1315 805 1432 κυρτέου
828 1308 953 1400 φωνήν
973 1307 1109 1402 ύπρεπη
1092 1316 1187 1384 ’καὶ
1212 1315 1288 1398 περὶ
1316 1313 1377 1397 τῆς
1400 1301 1500 1395 δόξης
1525 1300 1632 1376 αύτού

323 1403 450 1496 σκληρὰ
477 1404 688 1529 λαλήσουσιν.
731 1399 799 1479 ὦδε
819 1407 1158 1501 ἐπισυναχθήσονται,
1180 1416 1237 1480 καὶ
1259 1400 1326 1479 ὦδε
1350 1411 1443 1478 ἔσται
1473 1403 1515 1476 τὸ
1542 1408 1632 1491 οἰκη-

274 1529 307 1584 10
324 1503 444 1595 τὴριον
467 1516 486 1579 3
507 1501 561 1578 ἐπ’
582 1503 734 1595 ἐσχάτοις
756 1512 924 1580 αἰῶσινέ
899 1514 946 1598 [ἐν
967 1528 1043 1631 τρῖς
1060 1504 1201 1628 ἡμέραις
1220 1513 1282 1598 τῆς
1302 1513 1444 1596 κρίσεως
1469 1509 1531 1593 τῆς
1552 1498 1632 1590 ἇὶη·

324 1610 434 1695 θινῆς]
457 1609 618 1678 ἐναντίον
639 1612 713 1677 τῶν
735 1609 876 1680 δικαίων
897 1607 1001 1691 εἰς
964 1637 1028 1681 τον
1055 1635 1192 1680 απαντα
1217 1603 1353 1697 χρόνον.
1403 1597 1470 1675 οδδε
1495 1599 1630 1692 εύλογή·

324 1727 442 1776 σουσιν
465 1709 497 1779 ολ
520 1701 662 1791 εὐσεβεῖς
685 1703 749 1776 τὸν
778 1705 898 1795 κύριον
924 1714 996 1831 τῆς.
1013 1705 1121 1796 δόξης,
1145 1705 1208 1779 τὸν
1238 1711 1373 1790 βασιλέα
1402 1710 1466 1776 τοῦ
1496 1708 1632 1786 αἰῶνος,

324 1817 344 1877 4
367 1808 404 1876 ἐν
423 1823 497 1889 ταις
520 1801 655 1896 ἡμέραις
671 1811 733 1896 τῆς
747 1803 945 1894 ιιρλσεοος’
902 1814 1020 1880 αυτῶν
1036 1804 1343 1928 εύλσγήσουσινμι
1306 1809 1343 1876 ἐν
1364 1799 1495 1876 mest
1467 1831 1516 1886 ιος
1530 1806 1633 1892 ἐμέρι-

326 1926 383 1976 οεν
405 1900 528 1988 αύτοῑς.
573 1901 694 1977 δτύτε
715 1900 885 1995 ηύλύγησα
914 1904 978 1978 τὸν
1003 1905 1122 1996 κύριον
1148 1911 1209 1996 τῆς
1228 1888 1336 1994 δόξης
1360 1911 1417 1974 καὶ
1443 1900 1509 1992 τήν
1531 1896 1633 1987 δόξαν

275 2025 307 2078 15
327 1999 433 2076 αύτοῦ
454 2002 610 2093 ἐδήλωσα
630 1997 730 2075 206⁰
708 2029 840 2094 υμνησα
861 2012 1137 2094 μεγαλοπρεπῶς.

408 2107 553 2188 XXVIII,
578 2115 593 2174 1
622 2107 672 2174 έτι
698 2107 830 2176 ἐκεῖθεν
852 2102 1044 2194 ἐπορεύθην
1066 2111 1111 2187 εἰς
1138 2104 1179 2178 τὸ
1209 2112 1312 2195 μέσον
1340 2071 1547 2189 Μαυδόβαρα
1575 2104 1634 2169 καὶ

326 2199 482 2275 εἶδον
440 2202 523 2274 αυτὸ
547 2205 673 2292 ἔρημον
692 2210 749 2274 καὶ
772 2198 855 2275 αύτὸ
875 2199 992 2291 μόνον,
1015 2201 1146 2295 πλήρης
1168 2210 1328 2294 δένδρων,
1350 2215 1369 2275 2
1392 2194 1490 2272 καὶ
1469 2197 1538 2272 απὸ
1561 2203 1634 2269 τῶν

326 2295 632 2392 σπερμάτωνύδαορ
647 2301 818 2391 ἄνομβρον
828 2300 968 2374 ἄνωθεν
978 2299 1169 2392 φερόμενον
1183 2300 1246 2377 3‘
1217 2331 1266 2387 τος
1279 2298 1476 2392 ύδραγωγὸς
1491 2295 1634 2387 δαψιλής

327 2396 375 2485 ὥς
396 2399 483 2489 πρὸς
504 2408 630 2492 βορρᾶν
651 2405 706 2474 ἐπὶ
727 2406 863 2493 δυσμῶν
884 2397 1105 2474 πύντοθεν’
1084 2399 1199 2492 ανύηει
1220 2397 1313 2493 ύδωρ
1334 2408 1391 2473 καὶ
1412 2397 1545 2489 δρόσον.

275 2521 310 2576 20
410 2503 525 2586 XXIX,
551 2513 565 2573 1
587 2509 643 2572 καὶ
665 2505 796 2573 ἐκεῖθεν
817 2499 1009 2592 ἐπορεύθην
1032 2507 1078 2585 εἰς
1100 2499 1208 2576 ἄλλον
1229 2499 1340 2576 τόπον
1354 2505 1391 2572 ἐν
1406 2506 1457 2590 τῷ
1475 2494 1634 2586 Βύβδηρα

326 2599 488 2688 καὶπρὸς
511 2597 681 2685 ἀνατολὰς
707 2607 770 2673 τοῦ
798 2593 901 2692 ὄρους
930 2600 1058 2674 τούτου
1080 2598 1227 2692 φ’χύμην,
1258 2604 1467 2674 σταλεῖσιν
1493 2602 1635 2687 κρίσεως

412 3955 428 4011 1
447 3971 537 4010 ποοαι
560 3955 565 4021 Ι
589 3955 615 4010 l.
634 3954 660 4012 2.
679 3942 754 4024 ἦσαν
770 3958 796 4011 A
818 3955 823 4024 Ι
846 3955 865 4011 2
882 3959 998 4026 βαθεῖαι
1016 3949 1079 4011 ἀλλ’
1097 3948 1131 4011 ού
1148 3957 1281 4011 πλατεῖαι
1299 3955 1325 4008 Α
1348 3955 1353 4022 1
1377 3955 1396 4012 3
1414 3957 1463 4012 καὶ
1480 3947 1635 4026 ἐθαύμασα

326 4041 392 4111 περὶ
408 4041 459 4106 τῆς
475 4036 584 4110 πέτρας
601 4045 633 4103 -1-
650 4041 676 4094 A
698 4039 703 4108 Ι
726 4056 881 4110 φαραγγας
903 4041 907 4108 l
931 4039 950 4096 5
973 4040 1044 4095 adde
1066 4032 1136 4109 (διὰ
1154 4037 1247 4108 μέσον
1264 4031 1371 4104 αύτῶνς
1396 4033 1463 4095 τότε
1489 4033 1635 4111 ἀπεκρίθη

325 4141 377 4192 μοι
396 4116 501 4195 θύριήλ
520 4115 536 4179 6
555 4116 595 4190 εἷς
611 4129 670 4182 τῶν
686 4113 776 4195 ἁγίων
792 4115 930 4194 ἀγγέλων,
948 4113 983 4190 ύς
998 4117 1061 4192 μετ’
1078 4121 1151 4192 ἐμοῦ
1168 4111 1211 4193 ήν,
1227 4125 1277 4178 καὶ
1294 4115 1355 4179 εἶπέ
1372 4139 1436 4190 μοι·
1455 4113 1527 4194 αύτη
1545 4117 1562 4194 6
1581 4117 1635 4194 φύ-

327 4209 413 4279 ραγξ)
426 4201 443 4278 6
459 4205 624 4281 κατάρατος
640 4211 699 4264 ιιτλ.
711 4209 745 4264 cf.
758 4212 783 4265 A
798 4212 802 4279 Ι
819 4209 837 4265 7
856 4201 887 4265 οἳ
901 4211 1010 4274 τινεςΑ
1029 4226 1056 4264 οι
1073 4225 1302 4280 κεκατηραμενοι
1319 4223 1393 4271 τινες
1415 4209 1436 4261 Ρ
1452 4209 1456 4276 Ι
1472 4208 1542 4271 9110
1561 4226 1635 4265 οιιιε·

326 4287 466 4366 τήριονΡ
491 4289 687 4364 κολαστήριον
706 4293 767 4357 ΔλΙ
789 4293 828 4349 10
850 4291 882 4348 ἐν
901 4298 966 4355 ταῖς
988 4283 1107 4362 ήμέραις
1123 4297 1172 4362 τῆς
1195 4291 1318 4361 κρίσεως
1339 4297 1390 4361 της
1411 4285 1550 4362 έληθινῆς
1571 4311 1597 4349 v.
1616 4293 1635 4348 L

327 4395 361 4433 zu
378 4381 411 4434 14
429 4373 461 4432 έν
485 4383 549 4442 ταῖς
567 4367 612 4445 ήμ.
629 4393 654 4432 τ.
672 4395 697 4430 ιι.
722 4369 834 4442 atha-,vt
851 4375 889 4432 12
907 4378 1020 4446 ασεβεις
1036 4376 1058 4429 Ρ
1075 4375 1149 4430 verb.
1162 4375 1202 4443 01
1219 4375 1257 4433 16
1275 4367 1350 4445 πρὸς
1368 4369 1515 4441 ἀνατολὰς
1532 4382 1565 4440 ÷
1583 4380 1609 4431 A
1630 4377 1634 4446 Ι

329 4462 414 4530 1618
432 4455 492 4517 ἀπὸ
509 4455 622 4517 τούτων
637 4465 697 4516 τῶν
715 4454 888 4528 σπερμάτων
905 4462 954 4515 καλ
965 4463 991 4514 A
1005 4460 1009 4528 Ι
1025 4459 1064 4516 18
1084 4451 1283 4532 ύνομβροῦνῦ
1299 4461 1303 4526 Ι
1318 4451 1433 4515 ἄνωθεν
1451 4461 1523 4515 nach
1542 4460 1633 4529 oben!

327 4539 492 4616 φερόμενον
504 4543 582 4614 Εδδλ
599 4547 759 4615 φαιρομενό
772 4543 795 4598 Ρ
813 4537 1018 4613 φαινόμενονθ
1029 4539 1195 4615 φερόμενον
1205 4545 1253 4598 καὶ
1271 4537 1449 4612 φαινόμενον
1461 4544 1507 4598 A?
1522 4545 1527 4612 Ι
1544 4545 1582 4601 111
1597 4536 1637 4610 ὡς

327 4624 402 4702 πρδς
418 4633 532 4701 βορρᾶν
550 4625 596 4684 ἐπὶ
614 4631 728 4697 δυσμῶν
746 4645 799 4698 gen
817 4627 1003 4683 Nordwesten.
