3706 5544
323 430 362 494 28
869 423 948 478 Bueh
964 423 1086 479 Henoch.

405 590 457 670 lx,
483 598 498 657 1
526 581 608 656 Τότε
623 582 921 674 παρ<α>κάψαντες
937 585 1071 676 Μιχαὴλ
1085 592 1142 657 καί
1160 581 1319 676 0<όρι>ήλ
1334 593 1391 656 καί
1404 580 1560 676 ιΡαφαήλ
1581 592 1638 657 καὶ

324 684 473 775 Γαβριὴλ
489 676 587 757 οὗτοι
600 689 638 756 ἐκ
660 691 724 757 τοῦ
745 681 896 774 οὐρανοῦ
917 682 1140 775 ἐθεάσα<ν>το
1156 686 1237 776 αίμα
1251 685 1342 760 πολὺ
1356 683 1637 776 ἐκχυννόμεν<ον>

323 789 377 856 ἐπὶ
396 791 457 875 τῆς
479 790 547 874 γῆς,
578 789 673 857 λκαί
694 783 793 856 είπαν
814 783 933 873 πρό<ς>
954 780 1135 874 ἀλλήλους·
1157 784 1256 876 φωνή
1278 787 1477 874 βοώντω<ν>
1499 790 1554 857 ἐπί
1577 790 1639 874 τῆς

322 890 396 974 γῆς·
431 890 526 972 μέχρι
561 892 682 956 πυλῶν
717 891 780 957 τοῦ
813 881 963 972 οὐρανοῦ
1005 896 1024 958 3
1059 883 1319 975 ἐντυγχάνουσιν
1354 887 1387 958 αί
1426 891 1527 974 ψυχαί
1563 893 1636 957 τῶν

288 1002 304 1056 5
323 981 524 1074 ἀνθρώπων
538 979 729 1072 λεγόντων·
746 981 936 1073 είσαγάγετε
952 983 1018 1073 τήν
1032 991 1141 1075 κρίσιν
1155 981 1255 1076 ήμῶν
1268 983 1356 1073 πρὸς
1370 983 1434 1058 τὸν
1448 977 1636 1074 ὕψιστ<ον>.

323 1097 341 1156 4
368 1090 423 1155 καί
451 1085 583 1172 είπα<ν>
610 1088 662 1172 τῷ
689 1092 809 1172 κυρίῳ·
840 1083 880 1156 σύ
908 1086 941 1156 εί
958 1083 1073 1174 κύριος
1096 1093 1169 1157 τῶν
1190 1092 1318 1173 κυρίων
1339 1091 1396 1156 καί
1418 1079 1437 1156 ό
1459 1082 1543 1165 θεὸς
1563 1089 1637 1154 τῶν

322 1190 419 1255 θεῶν
439 1190 496 1254 καί
517 1181 670 1266 βασιλεὺς
691 1189 767 1254 τῶν
788 1184 937 1256 αἰώνων.
980 1180 1000 1258 δ
1021 1181 1150 1273 θρόνος
1170 1191 1232 1274 τῆς
1254 1181 1353 1275 δόξης
1375 1205 1438 1256 σου
1460 1188 1506 1266 εἰς
1527 1180 1637 1264 πάσας

322 1283 384 1366 τὰς
399 1281 515 1373 γενεάς
530 1287 593 1354 τοῦ
607 1286 734 1366 αἰῶνος
755 1289 811 1354 καί
833 1281 874 1354 τό
897 1276 1005 1375 ὄνομά
1021 1307 1082 1357 σου
1103 1283 1144 1358 τὸ
1167 1278 1265 1373 άγιου
1286 1289 1343 1356 καί
1363 1287 1445 1373 μέγα
1466 1289 1523 1353 καί
1543 1277 1636 1354 εὐλό-

323 1410 431 1472 γητον
463 1387 510 1464 είς
541 1377 674 1464 πάντας
703 1382 785 1466 τούς
810 1385 947 1467 αἰῶνας.
998 1386 1080 1458 5σύ
1104 1383 1169 1475 γάρ
1195 1389 1354 1473 ἐποίησας
1376 1381 1420 1454 τά
1445 1379 1560 1455 πάντα
1581 1389 1637 1452 καί

272 1496 305 1552 10
321 1488 437 1556 πᾶσαν
464 1480 528 1571 τήν
554 1485 710 1566 ἐξουσίαν
736 1483 824 1569 ἔχων
849 1487 905 1554 καί
930 1480 1047 1556 πάντα
1069 1481 1221 1556 ἐνώπιόν
1242 1506 1304 1557 σου
1325 1481 1456 1570 φανερὰ
1477 1488 1533 1553 καί
1556 1478 1636 1554 άκά·

323 1591 436 1652 λυπτα
458 1587 513 1651 καὶ
543 1577 660 1652 πάντα
690 1580 730 1652 σύ
761 1576 842 1674 δρᾷς
865 1607 884 1644 ε
906 1608 926 1644 ε
948 1609 966 1646 τ
1010 1594 1028 1655 6
1051 1580 1072 1653 ά
1098 1586 1256 1673 ἐποίησεν
1277 1579 1405 1672 Ἀζαήλ,
1428 1573 1467 1663 δς
1488 1585 1638 1667 ἐδίδαξεν

323 1678 432 1763 παίσας
447 1679 509 1762 τὰς
523 1676 652 1762 άδικίας
666 1684 722 1752 ἐπὶ
740 1687 802 1770 τῆς
823 1688 884 1772 γῆς
904 1690 962 1756 καί
982 1680 1153 1773 ἐδήλωσεν
1174 1682 1219 1755 τά
1232 1679 1397 1773 μυστήρια
1417 1687 1480 1752 τοῦ
1502 1684 1635 1764 αἰῶνος,

322 1780 366 1850 τὰ
388 1783 426 1851 ἐν
448 1786 499 1869 τῷ
531 1775 667 1870 οὐρανῷ
690 1777 712 1850 ἃ
733 1781 980 1872 ἐπιτηδεύουσι,
1008 1787 1138 1872 κκαί>
1165 1784 1318 1871 ἔγνωσαν
1352 1780 1550 1870 ἄνθρωποι,
1580 1785 1635 1852 καί

321 1885 489 1969 Σεμαζάς,
522 1869 551 1969 ᾧ
575 1877 641 1968 τήν
665 1884 818 1966 ἐξουσίαν
840 1885 969 1967 ἔδωκας
989 1881 1104 1971 ἄρχειν
1125 1889 1200 1954 τῶν
1221 1881 1283 1952 σὺν
1304 1877 1398 1971 αὐτῷ
1421 1873 1489 1968 άμα
1511 1873 1635 1952 ὄντων.

271 1991 341 2064 158
364 1985 418 2050 καί
435 1977 673 2070 ἐπορεύθησαν
692 1977 779 2068 πρὸς
800 1979 863 2063 τὰς
884 1989 1076 2070 θυγατέρας
1096 1989 1171 2054 τῶν
1192 1977 1394 2070 ἀνθρώπων
1416 1986 1477 2071 τῆς
1498 1985 1560 2069 γῆς
1580 1987 1635 2050 καί

322 2076 617 2168 συνεκοιμήθησαν
644 2075 762 2162 αάταίς
784 2089 841 2154 καί
865 2078 1075 2172 ἐμιάνθησαν
1100 2087 1156 2153 καί
1184 2079 1362 2172 ἐδήλωσαν
1388 2077 1506 2164 αὖταῑς
1526 2075 1637 2162 πάσας

323 2179 384 2260 τάς
400 2175 571 2270 ἁμαρτίας.
608 2187 697 2251 9καὶ
713 2183 747 2250 αί
768 2198 922 2269 γυναῖκες
944 2185 1127 2272 ἐγέννησαν
1145 2187 1296 2267 τιτᾶνας,
1317 2177 1375 2269 ὑφ’
1392 2171 1443 2251 τόν
1466 2171 1530 2269 ὅλη
1552 2173 1573 2267 ἦ
1595 2182 1636 2268 γῆ

407 2382 442 2436 cf.
461 2382 604 2451 Synoollus
622 2383 648 2438 S.
665 2384 699 2438 42
708 2383 744 2438 ffi:

406 2465 471 2523 τότε
480 2463 604 2538 ἐβόησαν
615 2463 643 2522 σί
651 2462 802 2540 ἄνθρωποι
812 2467 912 2536 είςτόν
925 2467 1048 2540 οὐρανόν
1059 2468 1203 2539 λέγοντες·
1216 2467 1383 2540 εἰσαγάγετε
1392 2471 1442 2538 τήν
1452 2468 1543 2539 κρίσιν
1553 2465 1634 2536 ήμῶν

322 2549 394 2622 πρός
405 2549 456 2607 τόν
474 2545 595 2622 ῧψιστον
612 2553 661 2606 καί
673 2553 723 2622 τήν
742 2550 888 2610 ἀπώλειαν
899 2553 981 2623 ήμῶν
993 2549 1117 2610 ἐνώπιον
1134 2559 1183 2623 τῆς
1200 2554 1282 2623 δόξης
1293 2559 1343 2622 τῆς
1359 2552 1492 2623 μεγάλης,
1511 2548 1635 2607 ἐνώπιον

321 2643 372 2692 τοῦ
383 2637 482 2708 κυρίου
493 2642 551 2691 τῶν
563 2637 668 2708 κυρίων
684 2635 801 2694 πάντων
813 2643 848 2708 τῇ
859 2636 1053 2708 μεγαλωσύνη.
1082 2639 1132 2693 καί
1142 2636 1317 2704 ἀκούσαντες
1329 2635 1357 2694 οί
1368 2636 1503 2708 τέσσαρες
1514 2634 1635 2706 μεγάλοι

321 2717 495 2793 ἀρχοίγγελοι
514 2721 629 2792 Μιχαὴλ
645 2723 695 2777 καί
713 2720 817 2794 Οὐριήλ
834 2723 883 2778 καί
897 2717 1021 2792 Ῥαφαήλ
1042 2724 1091 2778 καί
1113 2723 1239 2796 Γαβριήλ
1261 2721 1431 2796 παρέκυψαν
1448 2717 1496 2776 ἐπί
1512 2722 1563 2790 τήν
1580 2725 1633 2790 γῆν

321 2802 427 2862 ἐκτῶν
451 2801 543 2875 ἁγίων
565 2813 616 2861 τοῦ
639 2803 765 2878 οὐρανοῦ
786 2809 836 2864 καί
858 2805 1035 2877 θεασάμενοι
1057 2799 1129 2874 αίμα
1151 2806 1225 2862 πολὺ
1246 2803 1434 2877 ἐκκεχυμένον
1452 2801 1499 2860 ἐπί
1515 2809 1565 2873 τῆς
1580 2810 1634 2875 γῆς

320 2892 369 2945 καί
393 2895 489 2945 πᾶσαν
512 2886 636 2958 ἀνομίαν
661 2893 711 2948 καί
737 2889 869 2965 ἀσέβειαν
895 2889 1048 2962 γινομένην
1070 2885 1115 2946 ἐπ’
1136 2888 1234 2959 αὐτῆς,
1256 2889 1434 2956 εἰσελθόντες
1456 2883 1539 2946 εἶπον
1561 2887 1634 2962 πρός

322 2971 466 3042 ἀλλήλους,
486 2969 529 3029 ότι
546 2972 581 3030 τὰ
601 2973 749 3044 πνεύματα
767 2978 817 3032 καί
834 2973 864 3031 αί
881 2977 971 3047 ψυχαί
988 2982 1046 3032 τῶν
1058 2971 1222 3047 ἀνθρώπων
1240 2972 1439 3046 ἐντυγχάνουσι
1458 2971 1629 3042 στενάζοντα

320 3060 369 3114 καί
386 3057 521 3126 λέγοντα·
539 3055 705 3130 είσαγάγετε
723 3063 774 3130 τήν
792 3059 885 3130 δέησιν
903 3059 983 3129 ήμῶν
1002 3058 1074 3132 πρὸς
1090 3058 1142 3115 τόν
1159 3054 1286 3130 ὕψιστον.
1316 3061 1366 3115 καί
1382 3057 1593 3130 προσελθόντες
1605 3052 1634 3112 οί

320 3140 456 3214 τέσσαρες
474 3139 649 3214 ἀρχάγγελοι
666 3137 748 3200 εἶπον
766 3151 806 3218 τῷ
822 3145 924 3218 κυρίῳ·
943 3142 977 3198 σὺ
990 3137 1017 3200 εί
1027 3141 1097 3210 θεὸς
1112 3150 1171 3199 τῶν
1189 3147 1267 3198 θεῶν
1284 3145 1333 3198 καί
1349 3141 1448 3215 κύριος
1461 3149 1517 3197 τῶν
1529 3141 1634 3212 κυρίων

320 3229 368 3282 καί
385 3226 517 3298 βασιλεὺς
533 3233 591 3282 τῶν
616 3230 757 3300 βασιλέων
778 3231 827 3284 καί
853 3227 923 3293 θεός
944 3235 1002 3283 τῶν
1024 3225 1146 3294 αἰώνων,
1172 3229 1222 3284 καί
1240 3224 1256 3282 ό
1273 3226 1382 3300 θρόνος
1402 3232 1452 3294 τῆς
1477 3225 1560 3294 δόξης
1583 3241 1634 3280 σου

320 3309 361 3376 είς
386 3310 480 3378 πάσας
501 3307 553 3376 τὰς
574 3309 675 3384 γενεὰς
696 3319 754 3369 τῶν
781 3308 903 3379 αἰώνων,
928 3313 978 3368 καί
999 3311 1032 3369 τό
1062 3308 1155 3381 ὄνομά
1183 3330 1235 3368 σου
1257 3305 1341 3382 ἅγιον
1370 3313 1420 3368 καί
1442 3307 1634 3380 εὐλογημένον

320 3393 360 3460 εἰς
377 3393 486 3462 πάντας
503 3392 570 3460 τοὺς
587 3393 706 3462 αἰῶνας·
726 3394 760 3452 σὺ
780 3393 836 3469 γάρ
858 3389 884 3454 εἲ
905 3391 921 3450 δ
940 3399 1061 3468 ποιήσας
1077 3394 1112 3452 τὰ
1130 3394 1225 3452 πάντα
1242 3392 1423 3452 καθισάντων
1435 3397 1486 3464 τήν
1504 3390 1634 3460 ἐξουσίαν

320 3473 401 3548 έχων,
418 3480 469 3534 καί
486 3477 579 3535 πάντα
598 3476 722 3536 ἐνώπιόν
736 3499 788 3537 σου
800 3479 910 3552 φανερά
929 3483 978 3536 καί
995 3479 1150 3545 ἀκάλυπτα,
1162 3481 1212 3536 καί
1229 3477 1322 3536 πάντα
1335 3475 1413 3554 δρᾷς,
1425 3481 1474 3534 καί
1489 3475 1541 3533 οἰνκ
1558 3471 1633 3533 ἐστιν

321 3557 338 3616 ίί
355 3563 496 3634 κρυβήναί
513 3579 544 3618 σε
563 3560 686 3619 δύναται.
716 3561 787 3640 δρᾷς
805 3560 860 3621 ὅσα
871 3563 1004 3635 ἐποίησεν
1013 3558 1113 3634 λζαήλ,
1127 3559 1181 3620 όσα
1192 3561 1354 3634 εἰσήνεγκεν
1366 3565 1415 3619 καί
1428 3557 1482 3618 ὅσα
1500 3559 1633 3628 ἐδίδαξεν,

321 3643 431 3712 ἀδικίας
448 3649 497 3702 καί
515 3642 657 3720 ἁμαρτίας
668 3644 714 3704 ἐπί
731 3655 782 3717 τῆς
799 3656 850 3720 γῆς
866 3651 916 3706 καί
933 3649 1027 3706 πάντα
1045 3649 1130 3705 δόλον
1145 3645 1192 3705 ἐπί
1203 3655 1253 3717 τῆς
1269 3653 1364 3719 ξηρᾶς.
1400 3643 1506 3712 ἐδίδαξε
1523 3644 1580 3719 γάρ
1598 3642 1632 3700 τά

320 3733 460 3802 μυστήρια
477 3733 527 3786 καί
545 3727 713 3804 ἀπεκάλιψε
725 3740 765 3810 τῷ
778 3732 860 3788 αἰῶνι
877 3731 913 3790 τὰ
932 3729 963 3788 έν
975 3731 1097 3806 σι’·ρανῷ.
1126 3729 1320 3804 ἐπιτηδεύουσι
1331 3730 1360 3788 δὲ
1372 3729 1407 3786 τὰ
1426 3727 1633 3800 ἐπιτηδείματα

321 3811 416 3882 αὐτοῦ,
443 3813 547 3871 εἰδέναι
567 3814 602 3872 τὰ
625 3819 773 3891 μυστήρια,
801 3814 829 3874 σί
846 3815 903 3873 υίοί
924 3824 982 3873 τῶν
1005 3815 1177 3891 ἀνθρώπων.
1212 3823 1252 3891 τῷ
1271 3818 1401 3890 Σεμιαζᾷ
1426 3816 1477 3884 τήν
1503 3809 1634 3880 ἐξουσίαν

321 3891 428 3964 ἔδωκας
446 3891 520 3968 ἔχειν
543 3899 571 3968 (l.
589 3893 699 3972 ἄρχειν)
723 3909 781 3958 τῶν
804 3901 854 3958 σὺν
881 3899 958 3976 αἰετῷ
985 3895 1045 3970 ἅμα
1073 3897 1173 3958 όντων.
1207 3904 1256 3956 καί
1278 3897 1477 3972 ἐπορεύθησαν
1494 3895 1567 3969 πρδς
1583 3895 1634 3962 τὰς

320 3981 481 4054 θυγατέρας
498 3989 555 4039 τῶν
574 3981 739 4058 ἀνθρώπων
755 3994 805 4056 τῆς
830 3993 881 4058 γῆς
906 3988 956 4042 καί
978 3988 1224 4054 σινεκοιμήθησαν
1247 3978 1309 4054 μετ’
1331 3981 1424 4039 αὐτῶν
1447 3983 1497 4038 καί
1519 3977 1549 4036 ἐν
1571 3987 1634 4046 ταῖς

321 4067 449 4136 θηλείαις
467 4063 645 4138 ἐμιάνθησαν
657 4072 706 4126 καί
724 4067 868 4140 ἐδήλωσαν
886 4067 985 4136 αἰταΐς
1001 4068 1095 4134 πάσας
1106 4068 1158 4134 τὰς
1175 4065 1317 4140 ἁμαρτίας
1333 4068 1382 4122 καί
1400 4063 1528 4132 ἐδίδαξαν
1547 4063 1634 4130 αίτὰς

320 4151 443 4223 μίοητρα
462 4159 563 4208 ποιεῖν.
587 4155 636 4208 καί
653 4161 703 4208 νῦν
722 4153 783 4210 ἰδοὺ
801 4153 832 4211 αί
848 4153 1005 4226 θυγατέρες
1022 4160 1079 4209 τῶν
1098 4149 1263 4226 ἀνθρώπων
1281 4145 1379 4207 ἔτεκον
1397 4147 1428 4216 ἐξ
1444 4147 1539 4206 αι’-τῶν
1556 4145 1634 4213 υίοίς

405 4335 424 4392 ί)
441 4329 497 4406 γάρ
508 4338 575 4396 <Δ
590 4336 594 4405 1
610 4353 746 4408 εποιησες
757 4337 779 4390 Ρ
791 4331 818 4393 εί
830 4329 846 4393 ό
858 4332 1003 4407 ποιήσαςθ
1018 4341 1023 4407 Ι
1040 4339 1076 4393 11
1090 4336 1183 4392 Lfloke
1196 4335 1282 4390 durch
1295 4331 1549 4392 Homnoteleuton?
1569 4329 1630 4402 vgl.

321 4423 346 4474 A
363 4421 443 4490 Sync.
458 4422 463 4489 Ι
480 4409 521 4491 δς]
540 4411 580 4485 ὡς
596 4421 621 4471 A
641 4411 699 4476 όοα
717 4423 797 4491 Syna
814 4425 818 4490 Ι
835 4421 872 4479 13
891 4425 939 4477 καί
953 4429 986 4487 -1-
999 4421 1097 4491 θσείε]
1116 4415 1312 4490 ἐπιτηδεύουσι
1329 4412 1516 4491 γιγνώσκεινλ
1540 4433 1632 4484 επιτη-

321 4507 452 4560 δευσυσιν
469 4522 601 4574 εγνωοαν
618 4506 640 4558 Ρ
658 4505 713 4576 vgl.
733 4505 813 4576 Sync.
831 4509 880 4562 καί
903 4499 1060 4577 ἐγνώρισεν
1079 4499 1247 4575 ἀνθρώποις
1265 4505 1410 4574 Σεμιαζᾶς
1426 4499 1472 4557 A?
1496 4503 1500 4568 Ι
1526 4500 1564 4557 16
1583 4501 1633 4554 καί

321 4583 352 4641 έν
369 4595 431 4654 ταῖς
448 4588 577 4659 θηλείαις
594 4583 778 4660 ἐμιάνθησαν
794 4591 866 4646 nach
885 4591 982 4660 Synef?
998 4594 1002 4660 Ι
1020 4591 1056 4646 17
1075 4607 1211 4654 τειτωνας
1227 4589 1258 4645 P.
