3700 5580
869 434 946 488 Buoh
963 434 1084 489 Henoeh.

606 661 662 734 Ἐκ
688 671 760 737 τοῦ
786 670 859 737 τοῦ
884 659 1001 754 Ἑνώχ
1028 671 1186 751 βιβλίου
1211 672 1357 756 χρῆσις.

328 811 367 872 42
391 807 457 870 Καὶ
488 805 520 872 οί
550 799 649 883 κύνες
678 796 827 890 ἤρξαντο
857 808 1051 872 κατεσθίειν
1081 801 1124 872 τὰ
1156 799 1312 892 πρόβατα
1341 813 1397 874 καὶ
1428 807 1460 874 οί
1495 795 1552 884 ύες
1581 809 1637 872 καὶ

328 901 360 971 οί
382 897 556 983 ἀλώπεκες
580 899 774 990 κατήσθιον
799 897 898 986 αύτά,
925 906 1020 990 μέχρι
1046 892 1087 972 οὗ
1113 897 1248 992 ἤγειρεν
1273 897 1293 975 6
1319 901 1436 992 κύριος
1457 909 1531 974 τών
1552 919 1636 991 ’προ-

327 997 445 1084 βάτων
470 999 568 1088 κριὸν
595 1001 656 1073 ἐνα
681 1006 719 1073 ἐκ
745 1008 820 1074 τών
839 997 1035 1090 προβάτων.
1077 1012 1118 1074 43
1147 1007 1204 1073 καὶ
1226 995 1245 1072 6
1267 999 1361 1090 κριὸς
1384 994 1485 1084 οὗτος
1506 996 1635 1090 ἤρξατο

293 1106 514 1190 ῦκερατίςειν
539 1108 596 1172 καί
622 1101 817 1173 ἐπιδιώκειν
842 1104 880 1171 ἐν
905 1118 979 1180 τοῖς
1005 1105 1142 1190 κέρασιν
1167 1108 1224 1172 καὶ
1249 1105 1463 1173 ἐνετίνασσεν
1488 1107 1534 1184 είς
1555 1099 1637 1182 τούς

328 1195 507 1284 άλώπεκας
533 1207 589 1273 καί
615 1197 687 1288 μετ’
711 1197 835 1282 αύτούς
856 1205 903 1282 είς
925 1200 1006 1282 τούς
1026 1193 1088 1282 ύας
1113 1207 1170 1272 καί
1196 1196 1374 1273 άπώλεσεν
1399 1191 1461 1282 ύας
1486 1199 1636 1282 πολλοὺς

327 1307 382 1370 καὶ
407 1295 479 1388 μετ’
502 1297 626 1384 αύτούς
649 1330 669 1366 ε
690 1329 710 1365 ε
732 1331 752 1367 ε
773 1330 793 1366 κ
816 1331 834 1367 κ
858 1327 899 1372 το
922 1298 1003 1381 τούς
1029 1299 1142 1383 κύνας.
1184 1313 1224 1372 44
1250 1308 1306 1371 καὶ
1327 1300 1371 1371 τὰ
1391 1295 1556 1388 πρόβατα,
1584 1290 1636 1370 ών

328 1401 360 1468 οί
386 1393 561 1520 ὄφθαςίμοί
586 1396 778 1489 ἠνοίγησαν,
801 1397 989 1472 ἐθεάσαντο
1011 1400 1076 1473 τὸν
1095 1398 1194 1490 κριὸν
1208 1397 1272 1472 τὸν
1294 1403 1421 1482 ἐντοῖς
1441 1395 1634 1486 προβάτοις,

328 1489 452 1580 ἕως
412 1525 454 1568 ου
474 1493 605 1588 ἀφῆκεν
627 1501 693 1590 τὴν
707 1495 790 1573 δδὸν
805 1497 911 1571 αύτου
895 1505 985 1570 ’καί
1005 1495 1133 1590 ἤρξατο
1148 1498 1354 1590 πορεύεσθαι
1369 1496 1497 1590 ἀνοδίᾳ.
1525 1511 1565 1570 45
1579 1503 1635 1568 καὶ

276 1589 346 1666 1ού
373 1595 489 1686 κύριος
521 1604 596 1668 τών
623 1597 810 1688 προβάτων
838 1597 1035 1672 ἀπέστειλεν
1070 1598 1135 1672 τὸν
1169 1599 1255 1689 άρνα
1290 1605 1419 1672 τοῦτον
1454 1597 1569 1670 ἐπί”
1549 1625 1636 1687 αρνα

327 1695 445 1784 ἕτερον
466 1703 530 1768 τοῦ
556 1705 675 1788 στῆσαι
697 1697 804 1772 αύτὸν
825 1703 873 1781 είς
892 1696 991 1822 κριὸν
1012 1698 1092 1771 ἐν’
1071 1707 1155 1789 αρχῇ
1177 1706 1250 1771 τών
1264 1696 1453 1819 προβάτων
1473 1695 1550 1770 ἀντὶ
1572 1703 1635 1768 τοῦ

325 1800 423 1882 κριοῦ
444 1802 507 1868 τοῦ
528 1791 731 1885 άφέντος
693 1827 759 1888 την
773 1793 857 1872 ὁδὸν
879 1795 994 1871 αύτοῦ.
1030 1811 1070 1872 46
1086 1805 1139 1870 καί
1164 1797 1334 1888 ἐπορεύθη
1348 1797 1436 1886 πρὸς
1457 1795 1565 1870 αύτὸν
1579 1803 1635 1868 καὶ

326 1889 486 1984 ἐλάλησεν
501 1893 594 1986 αύτῷ
611 1905 687 1987 σιγῇ
707 1897 796 1970 κατὰ
817 1895 923 1988 μόνας
944 1906 1001 1970 καί
1021 1894 1154 1988 ἤγειρεν
1180 1895 1287 1972 αύτόν
1312 1902 1359 1982 είς
1384 1895 1482 1987 κριὸν
1506 1903 1564 1968 καί
1591 1901 1637 1978 είς

326 1991 475 2081 ἄρχοντα
500 2003 557 2067 καὶ
586 2002 632 2082 εἰς
659 1996 848 2088 ἡγούμενον
878 2006 953 2070 τών
981 1995 1177 2088 προβάτων.
1226 2005 1282 2070 καὶ
1303 2001 1337 2069 οί
1357 1995 1456 2081 κύνες
1477 2002 1532 2070 ἐπὶ
1553 2002 1635 2069 πᾶσι

275 2113 307 2166 15
327 2091 463 2177 τούτοις
482 2097 622 2180 ἐθλιβον
645 2096 689 2168 τά
714 2095 879 2186 πρόβατα.

407 2205 447 2264 47
479 2197 554 2284 ἑξῆς
577 2202 612 2268 δὲ
638 2195 775 2280 τούτοις
794 2205 988 2288 γέγραπται,
1011 2191 1066 2270 ύτι
1088 2191 1108 2269 ύ
1129 2196 1224 2287 κριὸς
1251 2191 1270 2268 6
1290 2203 1431 2286 πρώτος
1452 2195 1518 2268 τὸν
1538 2193 1637 2285 κριὸν

325 2289 390 2362 τὸν
419 2291 579 2383 δεύτερον
611 2299 803 2370 ἐπεδίωκεν.
852 2305 909 2368 καί
937 2299 1060 2386 ἔφυγεν
1095 2294 1162 2370 άπὸ
1193 2296 1383 2385 προσώπου
1410 2291 1524 2367 αύτοῦ.
1574 2291 1634 2368 εἰτ’

325 2391 509 2480 ἐθεώρουν,
533 2402 645 2484 φησίν,
669 2395 734 2468 τὸν
762 2395 860 2485 κριὸν
882 2395 946 2468 τὸν
967 2403 1120 2518 πρῶτον),
1137 2397 1217 2479 ·ἕως
1238 2388 1279 2467 οὗ
1302 2398 1419 2468 ἔπεσεν
1440 2397 1636 2486 ἔμπροσθεν

325 2497 400 2561 τών
420 2499 543 2564 κυνῶν.
579 2505 620 2568 48
640 2489 739 2565 καί
719 2524 739 2615 ρ
760 2494 855 2586 κριὸς
877 2526 896 2567 ο
886 2491 1075 2618 ’δεύτερος
1097 2491 1360 2586 άναπηδὴοας’
1339 2492 1538 2585 αφηγὴσατο
1561 2501 1636 2567 τών

273 2607 308 2662 20
324 2587 518 2710 προβάτων,
549 2604 590 2665 49
616 2600 672 2665 καὶ
698 2593 741 2666 τὰ
767 2593 922 2683 πρόβατα
951 2592 1148 2686 ηὐξήθησαν
1172 2601 1228 2668 καὶ
1255 2593 1532 2686 ἐπληθύνθησαν.
1579 2601 1637 2666 καί

324 2685 451 2774 πάντες
473 2695 505 2763 οί
526 2691 624 2777 κύνες
654 2700 710 2766 καί
738 2698 773 2766 az
803 2691 979 2780 ἀλώπεκες
1000 2692 1177 2785 ἐφυγον’
1157 2691 1214 2768 απ’
1239 2692 1346 2768 αύτού
1366 2724 1409 2767 κα
1409 2697 1635 2783 ὶέφοβοῦντο

324 2784 439 2861 αύτάν.

403 4605 420 4662 7
441 4601 630 4678 <δλυμήνα>το
649 4607 833 4678 Kirkpatriek.
