3706 5544
313 418 352 478 42
834 410 912 466 Bueh
929 411 1051 467 Henoch.

313 570 521 661 πνεόμα<τα>
538 579 652 659 ζῶντα
670 571 806 644 αἰώνια·
829 579 866 645 ἐν
881 580 932 663 τῷ
948 576 1061 662 αἵματι
1082 578 1156 643 τῶν
1170 578 1341 660 γυναικῶν
1357 567 1549 660 ἐμιάνθητε,
1565 579 1620 643 καὶ

314 675 352 740 ἐν
378 676 492 761 αἵματι
517 671 638 762 σαρκός
665 669 872 761 ἐγεννήσατο,
894 679 949 743 καί
972 676 1009 744 ἐν
1030 676 1144 760 αἵματι
1167 668 1366 760 ἀνθρώπων
1388 669 1621 760 ἐπεθυμήσατε

315 777 386 856 (καί
408 769 602 860 ἐποιήσατε)
633 773 752 854 καθὼς
778 779 834 844 καί
859 768 956 843 αὐτοὶ
985 778 1140 844 ποιοῦσιν
1170 768 1276 861 σάρκα
1307 779 1363 842 καὶ
1393 767 1473 857 αἷμα
1499 774 1622 854 οίτινες

315 864 593 960 ἀποθνήσκουσιν
620 878 676 942 καὶ
702 866 924 944 άπόλλυνται.
967 884 985 943 5
1008 871 1062 942 όιά
1084 879 1189 943 τοῦτο
1218 873 1325 943 ἐόωκα
1347 868 1463 954 αότοίς
1484 877 1624 958 θηλείας

279 972 369 1040 οἴνα
398 977 677 1059 σπερματίσουσιν
707 977 753 1053 είς
774 967 880 1055 αὖτὰς
901 977 956 1042 καί
977 970 1202 1044 τεκνοόσσυσιν
1235 973 1271 1041 ἐν
1303 966 1419 1052 αάταίς
1446 973 1547 1042 τέκνα
1569 962 1624 1040 οό·

315 1096 392 1156 τως,
409 1073 463 1139 ίνα
482 1069 527 1158 μή
542 1075 678 1158 ἐκλείπῃ
698 1067 813 1152 αὐτοῖς
834 1077 904 1143 πᾶν
918 1072 1019 1160 ἔργον
1039 1075 1093 1142 ἐπὶ
1116 1076 1177 1159 τής
1198 1075 1266 1159 γῆς.
1308 1081 1327 1142 6
1348 1067 1440 1159 άμετς
1461 1075 1497 1140 δὲ
1518 1065 1623 1158 όπήρ-

314 1195 389 1256 χετε
420 1167 627 1260 πνεόμα<τα>
655 1176 769 1257 ζῶντα
798 1171 932 1256 αἰώνια,
963 1178 1019 1241 καί
1049 1165 1110 1241 οὐκ
1145 1166 1410 1259 ἀποθνήσκοντα
1438 1175 1485 1251 είς
1514 1165 1626 1250 πάσας

316 1267 377 1350 τὰς
392 1269 507 1357 γενεὰς
523 1275 587 1341 τοῦ
602 1275 733 1353 αἰῶνος.
771 1279 859 1342 Ἰκαὶ
875 1269 930 1341 όιόι
945 1276 1050 1341 τοῦτο
1067 1265 1129 1341 οόκ
1150 1273 1291 1358 ἐποίησα
1313 1271 1349 1340 ἐν
1369 1264 1447 1358 ὗμιν
1468 1277 1621 1356 θηλείας

315 1366 359 1438 τὰ
389 1373 597 1458 πνόυμα<τα>
626 1377 690 1440 τοῦ
721 1365 881 1459 οὐρανοῦ,
912 1374 1023 1460 ἐντῷ
1055 1365 1188 1456 οόρανῷ
1220 1364 1240 1456 ή
1271 1376 1465 1456 κατοίκησις
1499 1364 1623 1438 αὐτῶν.

266 1477 335 1538 108
357 1474 413 1538 καὶ
442 1474 504 1539 νῦν
529 1472 561 1540 σί
583 1477 736 1566 γίγαντες
759 1473 791 1540 σί
811 1477 1036 1559 γεννηθέντες
1058 1465 1125 1541 όπό
1148 1475 1221 1539 τῶν
1243 1463 1448 1557 πνευμάτων
1468 1475 1525 1538 καὶ
1547 1490 1623 1554 σαρ-

316 1563 390 1650 κός,
413 1565 619 1656 πνεόμα<τα>
641 1566 755 1655 ἰσχυρὰ
778 1567 1043 1659 (κληθήσονται)
1066 1572 1121 1639 ἐπὶ
1143 1574 1204 1657 τῆς
1231 1573 1303 1656 γῆς,
1331 1572 1386 1638 καί
1412 1570 1449 1637 ἐν
1476 1573 1518 1654 τή
1540 1572 1580 1655 γή
1603 1561 1625 1654 ή

316 1675 512 1756 κατοίκησις
542 1665 659 1739 αὐτῶν
688 1668 789 1738 ἔσται.
837 1680 855 1742 9
882 1667 1091 1758 πνεόμα<τα>
1121 1666 1253 1757 πονηρὰ
1284 1669 1430 1756 ἐξῆλθον
1461 1661 1529 1737 άπὸ
1561 1673 1624 1736 τοῦ

318 1765 474 1855 σώματος
490 1763 616 1848 αὐτῶν,
639 1762 727 1838 διότι
743 1765 811 1840 άπό
827 1776 900 1839 τῶν
915 1763 1102 1859 άνωτέρων
1117 1772 1277 1856 ἐγένοντο
1291 1771 1346 1836 καί
1362 1770 1399 1836 ἐκ
1421 1773 1495 1836 τῶν
1516 1761 1624 1854 άγίων

318 1863 513 1956 ἐγρηγόρων
535 1862 555 1955 ή
577 1863 661 1957 άρχή
684 1873 744 1955 τῆς
764 1876 908 1950 κτίσεως
930 1864 1122 1939 αὐτῶνκαὶ
1145 1863 1229 1956 ἀρχή
1251 1873 1418 1955 θεμελίου.
1450 1863 1625 1953 πνεύματα

267 1983 300 2038 15
319 1965 453 2054 πονηρά
472 1963 680 2056 κληθήσεται
720 1981 755 2040 10
773 1967 989 2057 [πνεόμα<τα>
1010 1963 1166 2055 οὐρανοῦ,
1188 1970 1292 2050 ἐντῷ
1312 1961 1448 2055 οὐρανῷ
1471 1960 1492 2053 ή
1512 1970 1624 2036 κατοί-

318 2088 413 2153 κησις
428 2062 544 2137 αὐτῶν
559 2067 660 2150 ἔσται,
683 2073 739 2137 καί
761 2065 804 2138 τά
825 2065 1001 2156 πνεύματα
1022 2071 1077 2137 ἐπὶ
1098 2072 1160 2156 τῆς
1181 2071 1242 2154 γῆς
1264 2063 1306 2135 τά
1328 2069 1548 2152 γεννηθέντα,
1571 2068 1626 2134 ἐπὶ

320 2170 380 2253 τῆς
396 2171 456 2253 γῆς
472 2161 492 2255 ή
507 2173 697 2254 κατοίκησις
714 2163 830 2237 ου’των
846 2169 945 2237 ἔσται.
984 2179 1019 2237 11
1035 2173 1101 2252 καί]
1117 2165 1161 2238 τά
1174 2162 1351 2254 πνεύματα
1366 2171 1441 2234 τῶν
1456 2160 1627 2252 γιγάντων

314 2270 499 2353 ’Ναφηλεὶμ
524 2261 716 2350 άόικοῦντα,
748 2262 958 2352 άφανίζοντα
978 2273 1034 2337 καὶ
1056 2269 1271 2355 ἐμπίπτοντα
1292 2271 1347 2334 καί
1369 2271 1626 2353 συμπαλαίοντα

319 2371 375 2434 καί
405 2372 636 2452 συρρίπτοντα
662 2369 716 2435 ἐπὶ
743 2371 804 2454 τῆς
830 2371 890 2455 γῆς
917 2365 1103 2455 [πνεύματα
1125 2363 1253 2452 σκληρὰ
1273 2361 1455 2454 γιγάντων]
1477 2369 1533 2434 καί
1555 2358 1628 2452 όρό

269 2479 303 2533 20
320 2492 402 2552 μους
431 2469 598 2536 ποιοῦντα
627 2470 682 2536 καί
713 2471 815 2555 μηόέν
845 2470 1039 2553 ἐσθίον<τα>
1070 2460 1141 2536 ἀλλ’
1170 2458 1354 2535 άσιτοῦντα
1384 2469 1440 2534 καὶ
1470 2469 1629 2548 διψῶντα

320 2569 374 2632 καί
396 2559 665 2649 προςκόπτοντα.
711 2575 748 2636 12
771 2571 923 2655 [πνεῦμα]
951 2571 1006 2636 καί
1029 2561 1319 2652 ἐξαναστήσε<ται>
1345 2569 1453 2634 ταῦτα
1475 2565 1522 2643 είς
1548 2561 1630 2642 τοός

320 2661 411 2743 υίούς
426 2670 499 2734 τῶν
515 2659 713 2752 ἀνθρώπων
727 2671 782 2734 καὶ
798 2671 872 2735 τῶν
887 2671 1066 2753 γυναικῶν,
1091 2657 1144 2734 ότι
1161 2661 1400 2752 ἐξεληλύθασιν
1422 2659 1479 2734 ἀπ’
1501 2657 1626 2732 αὐτῶν·

404 2851 559 2920 Synoellus:

403 2936 453 2992 καί
468 2931 536 3004 μεθ’
554 2931 650 3006 ἕτερα·
668 2937 717 2994 καί
735 2945 784 2992 νῦν
804 2935 833 2992 οὶ
849 2939 980 3008 γίγαντες
998 2934 1025 2993 oz
1037 2934 1221 3008 γεννηθέντες
1237 2932 1295 2991 ἀπό
1308 2933 1477 3005 πνευμάτων
1494 2937 1543 2991 καί
1560 2954 1627 3008 σαρ-

319 3021 378 3086 κός,
400 3018 547 3089 πνεύματα
575 3018 686 3094 πονηρά
711 3018 757 3076 ἐπὶ
778 3028 827 3090 τῆς
844 3027 895 3093 γῆς
921 3021 1087 3078 καλέσουσιν
1110 3019 1220 3086 αίτοάς,
1248 3015 1292 3076 ότι
1313 3021 1329 3089 ή
1352 3022 1515 3090 κατοίκησις
1533 3017 1627 3077 αὐτῶν

321 3100 400 3162 ἔσται
417 3103 463 3160 ἐπὶ
480 3111 529 3174 τῆς
546 3111 603 3176 γῆς.
640 3105 788 3176 πνεύματα
807 3104 918 3178 πονηρά
938 3099 1051 3161 ἔσονται
1068 3103 1103 3162 τὰ
1121 3103 1269 3173 πνεύματα
1288 3101 1475 3174 ἐξεληλυθότα
1494 3102 1552 3161 άπό
1575 3113 1627 3160 τοῦ

322 3187 455 3260 σώματος
474 3191 531 3260 [τῆς
543 3189 657 3262 σαρκός]
671 3189 772 3258 αὐτῶν,
791 3191 861 3246 όιότι
879 3187 937 3246 άπό
950 3197 1007 3246 τῶν
1025 3186 1189 3262 ἀνθρώπων
1207 3185 1340 3259 ἐγίνοντο
1351 3191 1401 3244 καί
1418 3186 1450 3245 ἐκ
1466 3195 1524 3244 τῶν
1536 3185 1627 3260 ἁγίων

320 3283 377 3332 τῶν
396 3273 561 3348 ἐγρηγόρων
579 3274 595 3344 ἡ
614 3273 686 3348 ἀργὴ
704 3280 753 3343 τῆς
769 3276 887 3341 κτίσεως
904 3272 997 3330 αίπῶν
1014 3277 1064 3330 καί
1082 3271 1153 3348 ἀρχή
1172 3275 1314 3343 θεμελίου.
1348 3273 1496 3343 πνεύματα
1514 3273 1626 3347 πονηρά

321 3357 368 3416 ἐπί
379 3365 428 3427 τῆς
445 3365 496 3430 γῆς
514 3353 634 3416 ἔσονται.
661 3358 695 3415 τά
714 3357 862 3429 πνεύματα
880 3364 937 3415 τῶν
948 3357 1089 3430 γιγάντων
1107 3359 1259 3428 νεμόμενα,
1273 3355 1431 3425 ἀδικοῦντα,
1444 3355 1630 3428 ἀφανίζοντα,

322 3443 497 3514 ἐμπίπτοντα
524 3445 573 3498 καί
591 3445 806 3514 συμπαλαίοντα
822 3446 871 3500 καί
888 3443 1042 3516 ῥιπτοῦντα
1061 3441 1107 3500 ἐπί
1127 3449 1177 3512 τῆς
1198 3450 1248 3514 γῆς
1265 3445 1314 3498 καί
1340 3442 1463 3514 δρόμους
1488 3451 1625 3499 ποωίντα

321 3532 371 3585 καί
388 3527 473 3598 μηδὲν
493 3525 626 3584 ἐσθίοντα
645 3521 706 3584 ἀλλ’
718 3525 869 3584 ἀσιτοῦντα
886 3531 936 3585 καί
953 3526 1089 3600 φάσματα
1107 3535 1244 3584 ποιοῦντα
1261 3529 1310 3583 καί
1329 3529 1456 3598 διψῶντα
1476 3529 1526 3582 καί
1543 3545 1628 3598 προσ·

321 3614 475 3670 κόπτοντα.
501 3614 550 3667 καί
566 3609 803 3682 ἐξαναστήσονται
815 3611 851 3668 τὰ
864 3612 1011 3684 πνεύματα
1024 3610 1071 3670 ἐπί
1085 3610 1153 3678 τοὺς
1166 3609 1243 3678 υίοός
1255 3618 1313 3667 τῶν
1329 3608 1493 3684 ἀνθρώπων
1506 3613 1554 3667 καί
1571 3617 1630 3667 τῶν

323 3704 472 3769 γυναικῶν,
486 3693 529 3752 ότι
541 3693 572 3762 ἐξ
583 3695 676 3751 αὐτῶν
689 3693 895 3765 ἐξεληλύθασιν.
919 3699 970 3753 καί
981 3695 1038 3753 ἀπό
1052 3695 1159 3770 ήμέρας
1171 3695 1290 3768 [καιροῦ]
1305 3701 1415 3766 σφαγῆς
1426 3697 1475 3750 καί
1487 3693 1630 3761 ἀπωλείας

322 3785 370 3838 καί
396 3781 525 3838 θανάτου
551 3779 941 3852 τῶν,γιγάντων,Ναφηλείμ
968 3778 996 3838 οί
1022 3779 1131 3854 ίσχυροί
1147 3787 1196 3848 τῆς
1213 3787 1264 3851 γῆς
1283 3777 1311 3836 οί
1326 3779 1447 3850 μεγάλοι
1473 3777 1630 3848 όνομαστοί

407 3933 459 3987 XV
477 3935 493 3988 6
511 3931 544 3985 σί.
563 3931 747 3985 Tertullianus
765 3930 800 3985 όε
817 3931 883 3985 cult.
902 3932 964 3986 fem.
983 3933 996 3985 I
1014 3947 1036 3986 ο.
1054 3935 1078 3986 4.
1096 3963 1129 3972 -
1147 3931 1198 3984 XV
1217 3933 1247 3985 11
1267 3931 1300 3984 σί.
1320 3928 1531 3984 Commodianus
1549 3931 1630 3984 Instr.

324 4020 335 4072 I
354 4021 377 4075 3.
413 4016 572 4070 Lactantius
590 4016 656 4069 Inst„
674 4015 700 4068 11
720 4017 759 4069 15.

411 4170 436 4224 l.
450 4167 513 4224 19.
528 4167 574 4222 11.
589 4165 635 4221 12.
651 4165 689 4221 15
701 4181 812 4234 πνευμα
824 4167 858 4220 P:
872 4167 946 4221 verb.
959 4165 984 4220 D
999 4168 1003 4234 Ι
1019 4165 1238 4236 2εγενησατεΡ
1254 4167 1258 4233 Ι
1273 4164 1353 4220 θκαί
1366 4155 1520 4234 ἐποιήσατε
1532 4169 1564 4227 -Ι-
1578 4165 1603 4216 Δ
1621 4163 1625 4233 Ι

324 4256 342 4311 5
363 4251 610 4326 σπερματίσουσιν
630 4249 686 4319 DC]
705 4252 947 4318 σπερματιζουοιν
967 4251 989 4304 Ρ
1005 4252 1009 4318 Ι
1025 4267 1122 4316 αντοις
1145 4253 1149 4319 1
1173 4251 1332 4308 θεκλειπει
1349 4249 1391 4316 ΡΙ
1413 4248 1448 4302 11
1468 4243 1627 4317 κληθήσον-

324 4357 371 4394 ται
392 4340 467 4401 ÷A
490 4338 495 4403 Ι
519 4333 558 4391 12
576 4336 701 4400 εξελθων
718 4333 740 4388 Ρ
759 4329 881 4402 ἐξῆλθον
897 4335 944 4389 A?
978 4333 1046 4390 Edd.
1065 4329 1257 4405 ἐξεληλυθότα
1275 4333 1378 4403 Synk.l
1401 4333 1438 4388 13
1465 4325 1631 4400 ἀνθρώπων

325 4425 367 4489 (=
385 4420 477 4489 αὔων)
496 4420 574 4490 Sync.
593 4435 743 4490 ανοιερων
758 4418 781 4472 Ρ
796 4419 800 4487 Ι
817 4419 855 4476 18
878 4421 1030 4489 Ναφηλείμ
1048 4419 1190 4489 Bouriant]
1218 4421 1338 4488 νεφελας
1363 4417 1404 4484 ΡΙ
1421 4416 1459 4473 19
1481 4410 1629 4483 πνεύματα

326 4501 437 4578 σκληρά
449 4523 504 4576 γιγ.
513 4513 546 4564 <
556 4504 599 4558 AS
611 4501 709 4573 51th
725 4503 729 4570 Ι
747 4503 833 4570 19120
846 4499 973 4572 τρόμους
983 4508 1008 4558 A
1023 4507 1027 4567 Ι
1043 4505 1083 4560 20
1095 4503 1246 4559 εαθειονΡ
1259 4503 1333 4556 verb.
1347 4501 1416 4556 Edd.
1431 4500 1436 4567 Ι
1451 4500 1488 4556 21
1502 4493 1629 4572 προσκό·

208 4619 212 4628 ’
325 4590 445 4659 πτοντα]
464 4583 640 4658 α’πρόσοπτα
657 4585 701 4640 A?
716 4585 721 4660 Ι
736 4605 847 4655 πνευμα
866 4588 922 4643 alte
940 4589 1036 4643 Glosse
1054 4607 1087 4642 zu
1105 4593 1194 4643 ταῖτα
1209 4589 1214 4654 Ι
1230 4590 1402 4656 εξαναστηοι
1420 4585 1451 4641 Ρ.
