3706 5544
339 487 379 550 36
877 483 954 538 Βαολι
972 485 1095 542 Henoch.

340 634 488 728 ὄψονται
517 650 572 714 καὶ
603 647 657 715 ἐπὶ
684 653 726 734 τῇ
749 641 901 740 ἀπωλείᾳ
922 655 996 719 τῶν
1017 652 1102 721 υἱῶν
1124 644 1240 720 αύτάν
1262 643 1477 734 στενάξουσιν
1497 652 1552 718 καὶ
1575 651 1647 734 δεη-

337 740 506 833 θήσονται
531 749 577 826 εἰς
603 743 666 815 τὸν
688 750 807 830 αἰῶνα,
828 754 885 818 καὶ
907 743 970 820 ούκ
989 749 1082 820 ἐσται
1103 743 1219 832 αύτολς
1240 752 1287 830 εἰς
1308 748 1405 819 ἔλεον
1427 753 1484 817 καὶ
1505 742 1647 835 εἰρήνην.

419 847 504 928 ΧΙΙΙ,
520 856 534 914 1
550 838 584 914 ‘0
598 849 634 915 δέ
648 837 752 934 Ἐνιύχ
767 852 819 935 τῷ
834 841 952 937 Ἀζαήλ
968 849 1074 919 εἰπεν·
1094 846 1252 938 πορεύου,
1268 842 1329 919 ούιι
1344 848 1438 917 ἔσται
1452 867 1506 916 σοι
1521 842 1647 935 εἰρήνη,

337 961 437 1033 κρῖμα
463 949 545 1033 μέγα
571 947 715 1034 ἐξῆλθεν
741 944 829 1017 κατὰ
857 953 918 1017 σού
948 953 1046 1037 δήσαί
1067 972 1111 1029 σε,
1155 949 1252 1019 2καί
1283 942 1388 1034 ἇνοχή
1410 949 1465 1016 καὶ
1487 943 1647 1034 ἐρώτησίς

301 1047 389 1113 5σοι
416 1038 478 1115 ούκ
509 1045 600 1115 ἔσται
631 1051 707 1134 περὶ
738 1037 790 1116 οὖν
820 1047 945 1132 ἔδειξας
971 1044 1189 1137 ἀδικημάτων
1214 1053 1271 1118 καὶ
1296 1051 1372 1133 περὶ
1397 1041 1543 1116 πάντων
1573 1051 1648 1115 τῶν

337 1145 446 1231 ἔργων
461 1151 535 1214 τῶν
550 1139 711 1229 ἀσεβειῶν
725 1152 781 1216 καὶ
802 1151 864 1235 τῆς
885 1142 1015 1230 άδικίας
1035 1156 1092 1220 καὶ
1114 1153 1175 1236 τῆς
1196 1142 1368 1236 άμαρτίας,
1391 1137 1453 1216 ὅσα
1473 1140 1647 1230 ύπέδειξας

335 1259 409 1325 τοῖς
438 1239 646 1331 ἀνθρώποις.
699 1253 716 1316 3
740 1241 820 1316 τότε
841 1253 1022 1336 πορευθεὶς
1050 1251 1165 1336 εἴρηκα
1191 1252 1293 1318 πᾶσιν
1321 1239 1525 1327 αὐτοῖςκαὶ
1548 1239 1646 1314 αύτοὶ

335 1336 461 1425 πάντες
491 1340 720 1433 ἐφοβήθησαν,
751 1350 807 1414 καὶ
839 1347 958 1433 ἔλαβεν
987 1343 1113 1428 αύτούς
1142 1342 1268 1436 τρόμος
1297 1351 1352 1416 καὶ
1379 1340 1494 1430 φόβος.
1548 1346 1646 1414 4καί

334 1436 516 1530 ἠρώτησαν
530 1439 629 1526 ὅπως
639 1440 762 1532 γράψω
784 1440 900 1528 αύτοῑς
921 1441 1147 1535 ύπομνήματα
1169 1442 1376 1536 ἐρωτήσεως,
1399 1446 1454 1514 ἰνα
1475 1448 1645 1531 γένωνται

283 1548 317 1603 10
335 1536 449 1624 αύτοῑς
480 1540 598 1628 ἄφεσις
627 1547 699 1629 <καὶ
720 1540 923 1634 μακράτης),
949 1553 1006 1616 καὶ
1035 1548 1091 1617 ἵνα
1113 1545 1179 1634 ἐγώ
1202 1541 1340 1634 άναγνῶ
1362 1538 1478 1625 αύτοις
1500 1540 1541 1612 τὸ
1563 1536 1646 1612 ύπύ-

333 1667 448 1730 μνημα
462 1647 523 1731 τῆς
538 1638 737 1732 ἐρωτήσεως
752 1645 905 1740 ἐνώπιον
918 1651 1038 1732 κυρίου
1051 1649 1115 1716 τού
1130 1639 1286 1734 ούρανοῦ,
1308 1657 1326 1714 5
1343 1635 1397 1714 ὅτι
1413 1637 1509 1712 αύτοί
1531 1636 1645 1711 ούκέτι

334 1738 496 1810 δύνανται
523 1746 664 1830 λαλῆσαι
687 1739 765 1814 αύδέ
784 1747 905 1830 ἐπᾶραι
926 1739 1044 1814 αύτῶν
1066 1744 1145 1827 τούς
1170 1738 1373 1832 ὀφθαλμούς
1395 1747 1440 1824 εἰς
1461 1739 1524 1812 τὸν
1546 1736 1645 1828 ούρα-

334 1838 398 1909 νδν
423 1835 492 1912 άπὸ
518 1839 676 1930 αἰσχύνης
700 1850 779 1933 περὶ
802 1835 852 1914 δν
874 1840 1122 1934 ήμαρτήκεισαν
1142 1849 1198 1913 καὶ
1218 1849 1478 1932 κατεκρίθησαν.
1521 1850 1541 1912 6
1564 1837 1644 1910 τότε

332 1937 461 2026 ἔγραψα
477 1937 518 2011 τὸ
533 1937 714 2031 ύπύμνημα
730 1949 791 2032 τής
806 1940 1004 2032 ἐρωτήσεως
1025 1937 1143 2014 αύτῶν
1162 1949 1219 2013 καὶ
1240 1939 1302 2024 τάς
1323 1938 1449 2030 δεήσεις
1471 1947 1548 2029 περὶ
1570 1946 1645 2010 τῶν

282 2049 314 2102 15
332 2035 536 2127 πνευμάτων
549 2037 667 2112 αύτιόν
681 2047 737 2112 καὶ
752 2048 830 2130 περὶ
847 2034 897 2114 ὦν
912 2048 1058 2127 δέονται,
1080 2035 1175 2126 ὅπως
1196 2038 1313 2113 αὐτῶν
1335 2046 1501 2130 γένωνται
1523 2037 1644 2126 ἔφεσις

331 2143 386 2206 καί
411 2133 591 2227 μακράτης.
634 2151 652 2211 7
674 2148 729 2211 καὶ
750 2148 932 2230 πορευθεὶς
953 2138 1094 2212 ἐκάθισα
1116 2146 1171 2214 ἐπὶ
1193 2147 1267 2212 τῶν
1287 2136 1426 2212 ύδάτων
1449 2137 1519 2210 Δάν
1540 2141 1578 2208 ἐν
1600 2145 1641 2228 γῇ

333 2230 409 2320 Δάν,
431 2231 507 2326 ἥτις
528 2244 619 2310 ἐστὶν
645 2245 682 2312 ἐκ
709 2245 831 2328 δεξιῶν
851 2237 1064 2331 Ἑρμωνειεὶμ
1086 2239 1220 2324 δύσεως.
1246 2236 1476 2331 άνεγίνφσκον
1498 2236 1539 2309 τὸ
1560 2233 1643 2309 ύπύ·

330 2361 442 2425 μνημα
469 2344 543 2409 τῶν
569 2337 717 2429 δεήσεων
740 2336 871 2424 αὐτῶν,
904 2341 968 2424 ἔως
993 2339 1187 2431 ἐκοιμήθην.
1230 2346 1325 2413 8καί
1347 2337 1420 2409 ἰδού
1442 2329 1568 2426 ὄνειροι
1590 2332 1642 2408 ἐπ’

331 2437 387 2522 ἐμὲ
417 2427 530 2525 ἦλθον
558 2444 614 2508 καὶ
644 2435 778 2530 δράσεις
808 2435 859 2512 ἐπ’
887 2444 941 2530 ἐμὲ
971 2443 1161 2512 ἐπέπιπτον
1187 2446 1243 2510 καὶ
1265 2441 1356 2510 εἶδον
1378 2433 1509 2527 δράσεις
1530 2431 1641 2525 ὀργῆς,

279 2543 313 2598 20
329 2539 385 2602 καὶ
411 2525 518 2622 ήλθεν
544 2537 643 2629 φωνή
674 2547 829 2629 λέγουσα·
852 2541 950 2612 εἰπον
973 2559 1046 2623 τοῖς
1067 2541 1151 2623 υἰοῑς
1172 2545 1235 2611 τοῦ
1257 2535 1405 2626 ούρανοῦ
1426 2541 1490 2610 τοῦ
1512 2539 1641 2625 ἐλέγξαι

329 2629 461 2717 αύτούς.
512 2646 608 2710 9καί
638 2641 783 2726 ἔξυπνος
813 2636 994 2729 γενόμενος
1025 2631 1137 2728 ήλθον
1162 2637 1250 2727 πρὸς
1275 2633 1414 2720 αύτούς,
1436 2641 1491 2706 καὶ
1513 2630 1641 2716 πάντες

329 2740 529 2824 συνηγμένοι
548 2735 721 2829 ἐκάθηντο
743 2745 955 2824 πενθοῦντες
976 2744 1014 2811 ἐν
1035 2735 1220 2825 Ἔβέλσατα,
1243 2733 1317 2826 ήτις
1339 2739 1429 2808 ἐστὶν
1452 2731 1517 2806 άνά
1539 2739 1642 2824 μέσον

328 2838 392 2903 τοῦ
406 2831 556 2918 Λιβάνου
577 2844 633 2910 καὶ
653 2835 815 2929 Σενεσήλ,
838 2845 1156 2928 περικεκαλυμμένοι
1178 2836 1243 2926 τήν
1265 2829 1347 2924 ὄψιν
1394 2846 1431 2907 10
1455 2861 1474 2895 ⁴*
1497 2861 1515 2896 υ
1538 2861 1557 2895 ⁴*
1580 2861 1599 2894 ν
1622 2859 1641 2894 ν

327 2957 346 2992 ⁴*
368 2958 387 2993 ὓ
410 2959 428 2994 ⁴*
451 2961 469 2994 ν
498 2937 648 3010 ἐντόπιον
669 2935 785 3010 αύτῶν
806 2943 863 3010 καί
884 2933 1063 3028 άνήγγειλα
1086 2934 1201 3020 αύτοίς
1221 2932 1331 3019 πάσας
1352 2933 1413 3018 τὰς
1435 2930 1577 3024 δράσεις,
1601 2930 1640 3017 ἃς

277 3050 310 3105 25
328 3035 418 3104 εἰδον
431 3036 519 3108 κατὰ
534 3038 615 3121 τούς
628 3030 764 3123 ὕπνους,
780 3044 835 3108 καὶ
850 3034 1001 3127 ήρξάμην
1016 3044 1130 3108 λαλεῖν
1145 3037 1224 3119 τούς
1239 3032 1362 3124 λόγους
1384 3040 1445 3124 τῆς
1471 3031 1637 3106 δικαιοσύ-

327 3158 388 3220 νης
409 3138 558 3224 ἐλέγχων
579 3135 660 3220 τούς
681 3135 885 3227 ἐγρηγόρους
908 3143 970 3207 τού
992 3133 1145 3223 ούρανοῦ.

410 3237 494 3320 XIV,
518 3249 533 3308 1
563 3244 686 3321 Βίβλος
714 3233 829 3326 λόγων
852 3234 1064 3325 δικαιοσύνης
1085 3242 1141 3306 καὶ
1162 3240 1320 3323 ἐλέγξεως
1341 3230 1539 3322 ἐγρηγύρων
1562 3238 1637 3304 τῶν

326 3323 395 3401 άπὸ
417 3339 481 3404 τοῦ
502 3339 629 3417 αἰῶνος
648 3335 735 3406 κατὰ
758 3334 822 3425 τήν
844 3333 991 3424 ἐντολήν
1013 3341 1075 3406 τοῦ
1095 3330 1193 3424 άγίου
1214 3340 1277 3405 τού
1297 3329 1446 3422 μεγάλου
1467 3334 1504 3403 ἐν
1527 3328 1636 3418 ταύτῃ

327 3436 369 3517 τῇ
384 3425 506 3519 ὁράσειΙ
544 3445 562 3506 2
578 3436 645 3524 ἐγω
660 3437 751 3506 εἰδον
765 3434 852 3507 κατὰ
868 3435 948 3518 τοὺς
963 3427 1091 3517 ύπνους
1105 3463 1178 3524 μου,
1202 3427 1221 3503 ὃ
1244 3439 1307 3504 νῦν
1328 3437 1417 3521 λέγω
1440 3435 1478 3501 ἐν
1500 3429 1635 3519 γλώσσῃ

274 3545 309 3600 30
326 3536 466 3618 σαρκίνη
493 3537 604 3624 ἐντῷ
635 3531 801 3623 πνεύματι
827 3541 890 3605 τού
916 3530 1085 3624 στόματός
1105 3561 1185 3620 μου,
1209 3525 1228 3602 ά
1251 3536 1376 3604 ἔδωκεν
1398 3525 1417 3601 ύ
1439 3535 1539 3618 μέγας
1561 3547 1635 3611 τοῖς

325 3623 525 3721 ἇνθροέπαις
534 3642 647 3706 λαλεῖν
656 3639 693 3705 ἐν
702 3631 817 3718 αύτοῑς
827 3640 881 3704 καὶ
897 3640 1016 3722 νοῆσαι
1030 3638 1157 3724 καρδίᾳ.
1180 3628 1260 3716 3ιύς
1282 3660 1301 3694 ε
1323 3658 1342 3692 ν
1365 3659 1383 3694 υ
1406 3656 1425 3690 ⁴*
1447 3657 1466 3692 ν
1490 3659 1508 3694 υ
1532 3657 1550 3692 ε
1574 3656 1593 3691 ν
1616 3657 1635 3690 ⁴*

408 4147 426 4204 3
444 4149 598 4221 πορευθεὶς
622 4152 665 4222 τῷ
690 4141 804 4218 Ἀζαζήλ
830 4140 908 4202 εἶπεν
927 4151 951 4202 Α
971 4149 975 4216 Ι
999 4147 1105 4205 10καί
1122 4142 1384 4218 μακρότηςπεςεπ
1401 4145 1541 4218 γένωνται
1558 4147 1631 4203 nauh

322 4233 394 4288 Zoilo
412 4233 444 4288 16
461 4232 642 4304 hinzugefflgt
657 4235 660 4300 Ι
676 4251 796 4302 αναγνοι
816 4233 846 4298 Ρ,
865 4225 964 4303 α’νάγω
982 4232 1100 4300 A?112
1119 4228 1249 4287 δύνανται
1267 4231 1288 4285 Ρ
1308 4233 1312 4300 Ι
1337 4232 1376 4289 13
1394 4233 1528 4288 πελιτεοίε.
1547 4222 1602 4288 ύτιδ
1624 4233 1627 4300 1

324 4317 362 4374 15
380 4320 437 4372 Vor
453 4320 502 4373 καλ
519 4319 585 4388 περὶ
602 4317 693 4372 Lfloke
711 4317 797 4371 durch
809 4317 1066 4373 Hemboteleuton‘?
1090 4315 1154 4386 Vgl.
1166 4317 1210 4382 ΑΙ
1227 4316 1264 4372 17
1277 4307 1390 4389 Ἕρμων
1407 4317 1457 4372 καλ
1475 4313 1509 4372 ἐκ
1526 4312 1631 4380 δύσεως

320 4393 470 4472 ΙλἙρμών
487 4395 515 4472 [ἢ
533 4395 614 4468 οἶμαι
632 4398 747 4470 δύσεως]
764 4399 839 4454 Diels
859 4401 863 4467 ἰ
884 4417 1085 4471 ανεγινωακων
1102 4402 1124 4455 Ρ
1148 4393 1372 4471 άναγιγνιύσκων
1392 4399 1416 4454 D
1437 4402 1442 4468 1
1466 4401 1505 4458 18
1523 4393 1578 4465 ἔως
1595 4401 1629 4470 Δ]

321 4477 361 4549 ὥς
377 4487 399 4540 Ρ
415 4489 419 4554 l
435 4485 473 4542 22
493 4487 692 4556 σενεβελσατα]
716 4485 789 4540 verb.
808 4485 832 4539 D
847 4487 852 4553 Ι
868 4485 906 4542 23
925 4486 1017 4541 Lfleke
1034 4485 1107 4540 nach
1123 4485 1155 4548 D,
1183 4485 1231 4539 der
1248 4486 1310 4553 (καί
1328 4479 1467 4554 ἐλάλησα)
1486 4487 1604 4555 ετςλπελ
1624 4485 1627 4552 Ι

320 4568 360 4626 25
378 4572 465 4642 λογος
480 4571 484 4638 Ι
499 4570 538 4627 26
551 4587 602 4635 τος
616 4575 620 4634 ἰ
635 4587 812 4643 τουσιρανου
826 4571 830 4637 Ι
846 4570 885 4626 29
905 4558 922 4624 δ
940 4575 991 4626 νῦν
1002 4569 1084 4639 Lods]
1107 4589 1148 4624 ων
1160 4569 1241 4626 νυνΡ
1256 4571 1261 4636 Ι
1276 4569 1313 4626 31
1328 4571 1428 4625 λαλεῖν
1445 4565 1476 4624 ἐν
1490 4562 1569 4642 αύτῷ
1584 4571 1626 4634 Al

320 4658 423 4722 νοῆσαι
441 4654 542 4729 καρδίᾳ
561 4652 617 4724 Dc]
640 4670 738 4724 νοησει
756 4656 876 4724 καρδιας
892 4653 913 4706 Ρ
929 4656 933 4721 1
949 4645 989 4718 ὡς
1006 4655 1040 4723 Δ]
1063 4672 1097 4718 ος
1114 4655 1135 4708 Ρ
1151 4655 1155 4720 λ
1170 4654 1263 4708 Lficke
1280 4653 1352 4708 nach
1368 4657 1400 4708 A.
