3706 5544
327 469 366 534 26
873 461 951 516 Buch
969 459 1092 516 Henoclu

328 625 459 705 ἑαυτοῖς
489 640 661 711 γυναῖκας,
688 629 743 694 καὶ
770 618 920 713 ἤρξαντο
946 620 1198 714 είςπορεόεσθαι
1224 619 1312 712 πρὸς
1337 617 1442 706 αάτάς
1466 629 1524 695 καὶ
1550 630 1636 712 μιαί·

327 733 444 794 νεσθαι
475 727 513 794 ἐν
539 719 655 807 αόταῖς
680 731 736 794 καί
762 730 918 811 ἐδίδαξαν
944 719 1050 807 αότάς
1080 727 1289 812 φαρμακείας
1313 728 1369 794 καὶ
1394 723 1555 807 ἐπαοιδὰς
1580 732 1637 796 καί

326 824 519 911 ῥιζοτομίας
544 831 601 893 καὶ
626 821 688 906 τὰς
715 821 863 908 βοτάνας
889 820 1065 912 ἐδήλωσαν
1091 818 1217 906 αόταῖς.
1270 833 1288 894 2
1319 826 1366 892 Αἳ
1391 827 1428 894 δέ
1452 827 1490 895 ἐν
1518 831 1638 912 γαστρὶ

326 927 487 1005 λαβοῦσαι
509 923 671 994 ἐτέκοσαν
685 930 847 1013 γίγαντας
862 920 1028 1012 μεγάλους
1042 926 1080 993 ἐκ
1097 929 1219 1012 πηχῶν
1242 932 1448 1014 τρισχιλίων,
1471 934 1490 997 3
1512 927 1638 1006 οίτινες

292 1019 547 1111 υκατήοθοσαν
573 1019 654 1106 τούς
679 1020 809 1106 κόπους
834 1030 910 1094 τῶν
936 1017 1146 1110 ἀνθρώπων.
1189 1017 1242 1106 ἀς
1269 1029 1310 1094 δὲ
1337 1020 1398 1095 οόκ
1421 1019 1637 1114 ἐδυνήθησαν

327 1118 443 1204 αὐτοῖς
459 1126 491 1194 οί
507 1119 692 1211 ἄνθρωποι
707 1127 928 1211 ἐπιχορηγεῖν,
952 1134 972 1193 4
990 1122 1022 1192 ol
1036 1127 1192 1210 γίγαντες
1206 1118 1398 1212 ἐτόλμησαν
1411 1117 1463 1194 ἐπ’
1479 1118 1637 1210 αόίτο>ὐς

325 1227 382 1290 καὶ
397 1228 630 1310 κατησθίοσαν
645 1221 725 1304 τούς
741 1217 959 1310 ἀνθρώπους.
996 1235 1014 1294 5
1036 1226 1092 1292 καὶ
1112 1217 1260 1310 ήρξαντο
1276 1215 1482 1312 ἁμαρτάνειν
1505 1226 1543 1292 ἐν
1563 1239 1638 1305 τοῖς

325 1337 495 1404 πετεινοῖς
529 1328 586 1391 καὶ
616 1339 690 1405 τοῖς
720 1326 887 1411 <θ>ηρίοις
917 1329 974 1394 καὶ
1008 1322 1164 1411 ἑρπετοῖς
1193 1328 1250 1392 καί
1280 1341 1354 1404 τοῖς
1383 1319 1551 1410 <ί>χθόσιν
1580 1328 1638 1392 καὶ

327 1415 491 1508 ἀλλήλων
513 1419 575 1504 τὰς
597 1416 755 1508 <σ>άριιας
776 1428 979 1506 κατεσθίειν,
1001 1417 1114 1492 καὶτὸ
1140 1417 1221 1510 αίμα
1243 1425 1371 1493 ἔπινον.
1408 1435 1427 1495 6
1449 1416 1531 1492 τότε
1553 1417 1573 1510 ή
1595 1425 1639 1510 γῆ

275 1535 309 1591 10
326 1523 483 1608 ἐνέτυχεν
503 1517 591 1591 κατὰ
613 1525 688 1590 τῶν
707 1515 855 1609 ἀνόμων.

409 1623 501 1706 VIII,
525 1633 541 1691 1
564 1615 729 1706 Ἐδίδαξεν
750 1619 832 1702 τούς
865 1616 1074 1706 ἀνθρώπους
1102 1614 1220 1710 Ἀζαήλ
1246 1627 1410 1708 μαχαίρας
1442 1638 1555 1692 ποιεῖν
1583 1625 1638 1690 καὶ

327 1713 418 1790 όπλα
439 1725 495 1789 καί
520 1715 662 1801 ἀσπίδας
689 1727 744 1790 καὶ
770 1720 947 1807 θώρακας,
978 1714 1176 1807 [διδάγματα
1198 1714 1370 1809 ἀγγέλων,]
1391 1725 1447 1792 καί
1468 1716 1640 1806 ἀπέδειξεν

328 1813 445 1900 αὐτοῖς
470 1815 514 1889 τὰ
539 1823 691 1909 μέταλλα
711 1826 767 1890 καί
789 1818 855 1910 τήν
885 1823 1042 1909 ἐργασίαν
1068 1814 1185 1890 αάτῶν
1210 1826 1267 1891 καί
1293 1826 1395 1907 ψέλια
1414 1823 1472 1890 καί
1492 1815 1640 1909 κόσμους

327 1925 383 1988 καὶ
398 1925 521 2003 στίβεις
534 1924 591 1989 καλ
606 1917 647 1991 τὸ
662 1925 936 2006 καλλιβλέφαρον
957 1925 1013 1988 καὶ
1033 1927 1220 2002 παντοίους
1241 1925 1363 2001 λίθους
1383 1920 1564 2002 ἐκλεκτοὺς
1584 1928 1640 1991 καὶ

277 2023 310 2078 15
327 2014 370 2089 τὰ
398 2014 532 2105 βαφικά.
579 2029 598 2089 2
625 2026 680 2089 καὶ
706 2021 840 2106 ἐγένετο
867 2015 998 2103 ἀσέβεια
1024 2015 1152 2107 πολλή,
1175 2024 1230 2088 καί
1253 2015 1460 2107 ἐπόρνευσαν
1481 2027 1537 2090 καὶ
1558 2014 1640 2092 ἀπε·

326 2114 553 2206 πλανήθησαν
567 2123 623 2188 καί
638 2114 878 2208 ἠφανίσθησαν
892 2121 929 2189 ἐν
943 2114 1067 2201 πάσαις
1081 2134 1157 2200 ταῖς
1171 2111 1263 2200 όδοῖς
1279 2114 1403 2190 αότῶν.
1439 2128 1458 2191 3
1473 2124 1641 2208 Σεμιαζάς

327 2218 475 2301 ἐδίδαξεν
509 2216 704 2307 ἐπα<οι>δδις
737 2224 793 2289 καὶ
823 2217 1030 2305 ὁιζοτομίας,
1068 2212 1237 2306 Ἀρμορώς
1266 2222 1440 2290 ἐπαοιδοόν
1470 2216 1640 2309 λυτήριον,

326 2310 465 2405 Ῥακιήλ
480 2312 712 2405 ἀστρολογίας,
728 2317 869 2406 Χωχιήλ
883 2315 927 2388 τὰ
942 2314 1156 2406 σημειωτικά,
1171 2315 1343 2406 Σαθ<ι>ήλ
1359 2312 1639 2414 ἀστεροσκοπίαν,

327 2413 488 2505 Σεριή<λ>
503 2425 763 2507 σεληναγωγίας.
798 2428 818 2487 4
841 2422 915 2487 τῶν
928 2409 990 2487 οὖν
1013 2412 1216 2504 ἀνθρώπων
1229 2411 1479 2506 ἀπολλυμένων
1501 2413 1521 2507 ή
1543 2417 1639 2507 β<οή>

276 2527 311 2584 20
328 2518 375 2598 είς
397 2510 563 2604 οόρανοὺς
583 2511 694 2604 ἀνέβη.

328 2669 449 2740 Πρῶτος
466 2665 562 2739 Ἀζαηλ
575 2665 591 2724 δ
603 2668 720 2736 δέκατος
736 2677 795 2726 τῶν
815 2667 963 2742 ἀρχόντων
981 2666 1087 2736 ἐδίδαξε
1107 2677 1201 2726 ποιεῖν
1221 2670 1365 2742 μαχαίρας
1382 2672 1431 2726 καί
1442 2667 1581 2742 θώρακας
1591 2673 1641 2728 καί

329 2760 386 2809 πᾶν
405 2761 505 2820 σκεῦος
522 2752 679 2823 πολεμικὸν
690 2756 739 2811 καί
756 2753 791 2811 τά
809 2753 935 2824 μέταλλα
948 2764 997 2823 τῆς
1008 2761 1060 2826 γῆς
1075 2755 1125 2810 καί
1135 2752 1169 2810 τὸ
1186 2755 1311 2826 χρυσίον,
1324 2759 1386 2820 πῶς
1398 2751 1575 2828 ἐργάσωνται
1592 2756 1641 2810 καί

329 2840 484 2908 ποιήσωσιν
496 2834 568 2894 αίιτὰ
581 2837 687 2906 κόσμια
696 2845 759 2905 ταῖς
770 2841 887 2910 γυναιξί,
905 2841 954 2894 καί
965 2838 1017 2894 τδν
1029 2834 1164 2910 ἄργυρον.
1199 2833 1286 2904 ἔδειξε
1303 2836 1333 2894 δὲ
1351 2836 1447 2906 αὐτοῖς
1463 2841 1511 2896 καί
1523 2838 1556 2895 τδ
1570 2840 1640 2896 atu-

327 2927 389 2994 βειν
401 2922 444 2992 (τὸ
457 2923 588 2996 στιβίςειν
600 2921 685 2992 Diels)
696 2925 746 2979 καί
757 2923 790 2980 τδ
804 2925 990 2991 καλλωπίζειν
1002 2920 1129 2988 καὶτοὺς
1146 2918 1295 2988 ἐκλεκτοὺς
1306 2923 1405 2988 λίθους
1415 2925 1464 2980 καί
1475 2922 1510 2979 τὰ
1522 2921 1639 2996 βαφικά.

328 3009 377 3062 καί
394 3002 532 3077 ἐποίησαν
550 3001 661 3072 ἑαυτοῖς
678 3003 775 3064 οίυίοί
791 3005 1026 3080 τῶνάνθρώπων
1043 3008 1092 3062 καί
1109 3013 1171 3073 ταῖς
1187 3005 1365 3078 θυγατράσιν
1383 3005 1538 3064 αὐτῶνκαὶ
1555 3006 1640 3080 παρέ-

328 3095 419 3162 βησαν
436 3092 485 3146 καί
503 3087 664 3161 ἐπλάνησαν
681 3090 748 3158 τοὺς
770 3087 877 3163 ἁγίους,
899 3093 948 3147 καί
965 3087 1078 3161 ἐγένετο
1105 3086 1221 3163 ἀσέβεια
1248 3092 1337 3160 πολλὴ
1360 3088 1407 3148 ἐπί
1428 3097 1478 3160 τῆς
1498 3098 1557 3164 γῆς.
1592 3094 1641 3148 καί

329 3173 471 3244 ἠφάνισαν
492 3173 544 3240 τὰς
568 3171 651 3241 δδοὺς
676 3173 779 3232 αὐτῶν.
814 3170 855 3232 ἐτι
877 3175 907 3232 δέ
928 3176 978 3232 καί
995 3171 1012 3230 δ
1030 3171 1201 3246 πράνταρχος
1227 3174 1322 3233 αὐτῶν
1344 3178 1490 3246 Σεμιαζᾶς
1515 3174 1639 3243 ἐδίδαξεν

329 3256 463 3325 ἐπαοιδὰς
488 3258 561 3315 κατὰ
579 3267 631 3316 τοῦ
652 3259 721 3327 νοδς
742 3263 791 3316 καί
813 3258 894 3333 ῥίζας
912 3263 1044 3332 βοτανῶν
1065 3265 1116 3327 τῆς
1132 3269 1192 3330 γῆς.
1227 3257 1291 3316 Iol
1313 3255 1462 3328 ἑνδέκατος
1480 3259 1641 3333 Φαρμαρδς

329 3341 451 3410 ἐδίδαξεν
470 3346 651 3416 φαρμακείας
668 3342 804 3411 ἐπαοιδὰς
827 3345 931 3415 σοφίας
951 3346 1001 3400 καί
1018 3340 1160 3400 έπαοιδῶν
1181 3346 1306 3414 λυτήρια.
1342 3340 1359 3399 δ
1381 3339 1500 3412 ἔννατος
1517 3342 1641 3412 ἐδίδαξεν

328 3425 551 3500 ἀστροσκοπίαν.
587 3425 651 3486 δδέ
668 3428 803 3501 τέταρτος
820 3426 945 3496 ἐδίδαξεν
963 3426 1162 3502 ἀστρολογίαν.
1197 3425 1262 3486 δδέ
1281 3424 1383 3500 ὄγδοος
1409 3426 1533 3496 ἐδίδαξεν
1560 3425 1641 3500 ἀερο-

329 3514 458 3568 σκοπίαν.
495 3509 511 3567 δ
529 3511 559 3568 δέ
575 3514 670 3586 τρίτος
687 3510 794 3580 ἐδίδαξε
810 3511 846 3570 τδι
867 3521 969 3583 σημεῖα
986 3519 1037 3582 τῆς
1053 3518 1112 3584 γῆς.
1148 3509 1165 3568 ὁ
1182 3511 1213 3569 δέ
1230 3507 1353 3585 ἕβδομος
1364 3509 1471 3580 ἐδίδαξε
1482 3513 1517 3570 τά
1538 3522 1640 3584 σημεῖα

328 3605 379 3652 τοῦ
396 3596 484 3665 ήλίου.
520 3593 584 3653 όδέ
602 3595 732 3664 είκοοτδς
749 3595 873 3664 ἐδίδαξεν
890 3595 926 3654 τὰ
945 3605 1047 3667 σημεῖα
1066 3603 1115 3666 τῆς
1133 3600 1256 3667 σελήνης.
1292 3595 1404 3664 Πάντες
1421 3591 1500 3654 οὗτοι
1518 3597 1639 3669 ἤρξαντο

329 3679 537 3737 άνακαλίκτειν
549 3679 585 3737 τὰ
594 3684 734 3755 μυστήρια
745 3690 810 3749 ταῖς
818 3685 944 3754 γυναιξίν
957 3679 1051 3739 αὐτῶν
1062 3685 1180 3748 καὶτοῖς
1191 3681 1301 3747 τέκνοις
1310 3678 1412 3738 αὐτῶν.
1428 3681 1501 3752 μετὰ
1514 3682 1640 3739 δὲταῦτα

329 3763 451 3836 η’ρξαντο
471 3762 500 3820 ol
516 3765 648 3835 γίγαντες
663 3768 826 3823 κατεσθίειν
843 3765 895 3834 τὰς
916 3766 1024 3839 σάρκας
1046 3773 1103 3823 τῶν
1126 3763 1298 3840 ἀνθρώπων.
1338 3768 1389 3822 καί
1405 3763 1527 3840 ήρξαντο
1546 3763 1574 3823 ol
1591 3761 1641 3822 άν-

414 3899 466 3954 VII
484 3903 501 3957 2
519 3901 553 3955 cf.
571 3901 654 3957 Lss>er
670 3901 754 3958 Jubil.
773 3901 878 3966 31122,
897 3904 1090 3972 Athenagoras
1106 3902 1221 3973 Legatio
1242 3903 1283 3969 24,
1297 3905 1338 3959 39.
1364 3902 1479 3957 Hermus
1490 3901 1510 3956 l.
1522 3901 1541 3958 l.
1559 3901 1639 3956 Com·

328 3985 473 4041 modianus
490 3986 570 4042 lustr.
588 3986 601 4040 Ι
619 3987 644 4054 3,
655 3987 680 4043 8.
703 3987 791 4042 Julius
812 3987 959 4042 Africanus
981 4004 1024 4058 ap.
1043 3987 1074 4041 G.
1092 3984 1250 4056 syncellum
1272 4005 1298 4058 p.
1316 3987 1351 4044 20
1373 3987 1447 4043 Gour
1463 4004 1490 4058 p.
1507 3987 1541 4042 35
1558 3983 1641 4041 Dind.

328 4068 498 4140 Augustinus
516 4069 550 4126 de
568 4070 619 4126 clv.
639 4069 684 4126 dei
700 4071 752 4126 XV
769 4073 811 4128 23.
822 4075 847 4126 4.
865 4101 899 4111 -
917 4071 982 4126 VIII
994 4071 1021 4126 ff.
1041 4071 1075 4128 cf.
1092 4070 1165 4127 Terl.
1183 4070 1218 4126 de
1235 4071 1311 4128 cullu
1328 4071 1391 4128 fem.
1410 4071 1458 4136 Ι2,
1477 4071 1556 4126 1110.
1575 4069 1641 4140 Cyp.

329 4154 363 4209 de
374 4153 461 4208 babil
479 4154 548 4224 virg.
559 4157 600 4210 14.
619 4154 744 4210 clemens
762 4154 840 4210 Alex.
853 4154 910 4210 Eol.
922 4156 1017 4226 proph.
1033 4157 1074 4212 53.
1087 4155 1170 4210 Pizus
1188 4155 1291 4226 Sophia
1307 4173 1332 4226 p.
1345 4158 1387 4212 25.
1413 4155 1495 4210 Liber
1506 4155 1596 4209 Adam
1613 4157 1641 4209 el

328 4235 403 4293 Evae
420 4239 446 4292 Il
465 4241 496 4295 19
508 4239 536 4291 ff.
571 4237 783 4294 Commodianus
801 4240 1021 4304 Insu.13‚9ff.
1055 4239 1214 4296 Laetunffiuu
1240 4242 1307 4296 Ιαεί.
1325 4241 1351 4294 11
1369 4241 1410 4296 16.
1432 4269 1465 4280 -
1495 4239 1588 4294 VIII3
1606 4237 1641 4292 ef.

328 4321 409 4376 Liber
426 4321 510 4377 Jubil.
529 4321 595 4376 VIII
607 4323 632 4377 3.
650 4321 740 4377 Julius
757 4323 903 4379 Afi‘iuunus
920 4323 994 4396 apud
1013 4323 1044 4380 G.
1058 4324 1216 4394 syncellum
1233 4343 1259 4396 p.
1277 4325 1311 4381 20
1329 4325 1404 4380 θυαε
1420 4341 1446 4395 p.
1464 4320 1498 4379 35
1515 4321 1640 4380 Dindorf.

414 4457 460 4522 112
473 4457 628 4528 μίγνυσθαι
644 4462 669 4512 Δ
684 4458 689 4526 Ι
704 4458 723 4514 3
741 4454 772 4513 al
789 4457 871 4528 Lods]
891 4477 923 4515 εν
938 4461 942 4526 Ι
957 4460 1063 4531 γαστρί
1080 4459 1114 4528 D]
1130 4475 1252 4532 γαστριν
1266 4461 1270 4528 Ι
1286 4461 1304 4516 5
1322 4459 1528 4525 κατεσθοσανΙ
1544 4447 1584 4524 ὥς
1602 4453 1641 4526 δέ]

328 4535 382 4605 ἐως
399 4542 443 4607 ΔΙ
468 4543 485 4598 7
503 4542 699 4598 κατεσθίοσαν
713 4543 718 4609 Ι
734 4541 753 4598 9
771 4535 869 4598 ἔπινον
886 4543 919 4612 D]
943 4547 1063 4611 πιννονΙ
1085 4545 1121 4600 11
1137 4538 1248 4613 ίίζαζὴλ
1266 4545 1392 4598 Ιτεαοεαε
1407 4543 1412 4611 1
1429 4543 1467 4600 16
1486 4543 1640 4612 εφανισθη-

330 4626 404 4692 vav}
421 4625 458 4681 19
478 4628 685 4697 σεληνοναγιας
699 4627 704 4694 Ι
718 4645 771 4683 τον
788 4628 866 4698 νουν]
891 4628 963 4684 verb.
982 4628 1006 4682 D
1022 4630 1026 4696 Ι
1046 4623 1128 4698 φωνὴ
1147 4635 1179 4692 -ί-
1197 4627 1277 4696 Ιιοδε,
1295 4621 1351 4698 βοή
1369 4627 1398 4683 O.
