<?xml version="1.0" encoding="UTF-8"?>
<!DOCTYPE html PUBLIC "-//W3C//DTD XHTML 1.0 Transitional//EN"
    "http://www.w3.org/TR/xhtml1/DTD/xhtml1-transitional.dtd">
<html xmlns="http://www.w3.org/1999/xhtml" xml:lang="en" lang="en">
 <head>
  <title>
</title>
<meta http-equiv="Content-Type" content="text/html;charset=utf-8" />
  <meta name='ocr-system' content='tesseract 3.04.00' />
  <meta name='ocr-capabilities' content='ocr_page ocr_carea ocr_par ocr_line ocrx_word'/>
</head>
<body>
  <div class='ocr_page' id='page_1' title='image "./diegriechischen03unkngoog/diegriechischen03unkngoog_0037.png"; bbox 0 0 3706 5544; ppageno 0'>
   <div class='ocr_carea' id='block_1_1' title="bbox 316 447 1075 526">
    <p class='ocr_par' dir='ltr' id='par_1_1' title="bbox 316 447 1075 526">
     <span class='ocr_line' id='line_1_1' title="bbox 316 447 1075 526; baseline -0.005 -19"><span class='ocrx_word' id='word_1_1' title='bbox 316 462 357 526; x_wconf 75' lang='lat'><strong><em>22</em></strong></span> <span class='ocrx_word' id='word_1_2' title='bbox 858 451 937 506; x_wconf 80' lang='lat' dir='ltr'><strong>Buch</strong></span> <span class='ocrx_word' id='word_1_3' title='bbox 953 447 1075 504; x_wconf 74' lang='lat' dir='ltr'>Henooh.</span> 
     </span>
    </p>
   </div>
   <div class='ocr_carea' id='block_1_2' title="bbox 268 607 1633 3490">
    <p class='ocr_par' dir='ltr' id='par_1_2' title="bbox 268 607 1633 3490">
     <span class='ocr_line' id='line_1_2' title="bbox 316 607 1624 704; baseline -0.002 -16"><span class='ocrx_word' id='word_1_4' title='bbox 316 625 372 689; x_wconf 86' lang='grc' dir='ltr'><strong><em>καὶ</em></strong></span> <span class='ocrx_word' id='word_1_5' title='bbox 394 612 457 688; x_wconf 87' lang='grc' dir='ltr'><strong><em>οὑκ</em></strong></span> <span class='ocrx_word' id='word_1_6' title='bbox 480 608 700 686; x_wconf 83' lang='grc' dir='ltr'><strong><em>ἀλλοιοῦνται</em></strong></span> <span class='ocrx_word' id='word_1_7' title='bbox 734 609 864 699; x_wconf 82' lang='grc' dir='ltr'><strong><em>[αὑτῶν</em></strong></span> <span class='ocrx_word' id='word_1_8' title='bbox 884 611 928 686; x_wconf 84' lang='grc' dir='ltr'><strong><em>τά</em></strong></span> <span class='ocrx_word' id='word_1_9' title='bbox 950 615 1051 704; x_wconf 78' lang='grc' dir='ltr'><strong><em>ἔργα]</em></strong></span> <span class='ocrx_word' id='word_1_10' title='bbox 1079 607 1154 685; x_wconf 80' lang='grc' dir='ltr'><strong><em>ἀλλ’</em></strong></span> <span class='ocrx_word' id='word_1_11' title='bbox 1179 613 1324 702; x_wconf 85' lang='grc' dir='ltr'><strong><em>ώσπερεὶ</em></strong></span> <span class='ocrx_word' id='word_1_12' title='bbox 1350 612 1437 684; x_wconf 84' lang='grc' dir='ltr'><strong><em>κατά</em></strong></span> <span class='ocrx_word' id='word_1_13' title='bbox 1459 614 1624 704; x_wconf 85' lang='grc' dir='ltr'><strong><em>ἐπιταγήν</em></strong></span> 
     </span>
     <span class='ocr_line' id='line_1_3' title="bbox 318 707 1626 802; baseline -0.002 -14"><span class='ocrx_word' id='word_1_14' title='bbox 318 716 360 788; x_wconf 82' lang='grc' dir='ltr'><strong><em>τὰ</em></strong></span> <span class='ocrx_word' id='word_1_15' title='bbox 387 711 503 786; x_wconf 88' lang='grc' dir='ltr'><strong><em>πάντα</em></strong></span> <span class='ocrx_word' id='word_1_16' title='bbox 536 720 671 802; x_wconf 90' lang='grc' dir='ltr'><strong><em>γίνεται.</em></strong></span> <span class='ocrx_word' id='word_1_17' title='bbox 715 723 733 786; x_wconf 87' lang='grc'><strong>3</strong></span> <span class='ocrx_word' id='word_1_18' title='bbox 765 717 867 798; x_wconf 80' lang='grc' dir='ltr'><strong><em>ἰὺετε,</em></strong></span> <span class='ocrx_word' id='word_1_19' title='bbox 896 718 972 794; x_wconf 83' lang='grc' dir='ltr'><strong><em>πώς</em></strong></span> <span class='ocrx_word' id='word_1_20' title='bbox 999 707 1019 802; x_wconf 87' lang='grc' dir='ltr'><strong><em>ῆ</em></strong></span> <span class='ocrx_word' id='word_1_21' title='bbox 1050 709 1220 797; x_wconf 89' lang='grc' dir='ltr'><strong><em>θάλασσα,</em></strong></span> <span class='ocrx_word' id='word_1_22' title='bbox 1247 720 1304 784; x_wconf 86' lang='grc' dir='ltr'><strong><em>καί</em></strong></span> <span class='ocrx_word' id='word_1_23' title='bbox 1334 715 1367 785; x_wconf 91' lang='grc' dir='ltr'><strong><em>οί</em></strong></span> <span class='ocrx_word' id='word_1_24' title='bbox 1396 721 1546 802; x_wconf 86' lang='grc' dir='ltr'><strong><em>ποταμοὶ</em></strong></span> <span class='ocrx_word' id='word_1_25' title='bbox 1577 711 1626 798; x_wconf 89' lang='grc' dir='ltr'><strong><em>ώς</em></strong></span> 
     </span>
     <span class='ocr_line' id='line_1_4' title="bbox 318 807 1625 904; baseline -0.001 -17"><span class='ocrx_word' id='word_1_26' title='bbox 318 811 444 904; x_wconf 86' lang='grc' dir='ltr'><strong><em>ὁμοίως</em></strong></span> <span class='ocrx_word' id='word_1_27' title='bbox 472 809 698 884; x_wconf 75' lang='grc' dir='ltr'><strong><em>ἀποτελοῦσιν</em></strong></span> <span class='ocrx_word' id='word_1_28' title='bbox 723 820 780 884; x_wconf 84' lang='grc' dir='ltr'><strong><em>καὶ</em></strong></span> <span class='ocrx_word' id='word_1_29' title='bbox 806 808 869 884; x_wconf 80' lang='grc' dir='ltr'><strong><em>οὑκ</em></strong></span> <span class='ocrx_word' id='word_1_30' title='bbox 897 807 1092 885; x_wconf 86' lang='grc' dir='ltr'><strong><em>ἀλλοιοῦσιν</em></strong></span> <span class='ocrx_word' id='word_1_31' title='bbox 1117 809 1234 883; x_wconf 83' lang='grc' dir='ltr'><strong><em>αὑτῶν</em></strong></span> <span class='ocrx_word' id='word_1_32' title='bbox 1266 810 1309 883; x_wconf 84' lang='grc' dir='ltr'><strong><em>τά</em></strong></span> <span class='ocrx_word' id='word_1_33' title='bbox 1339 815 1420 901; x_wconf 81' lang='grc' dir='ltr'><strong><em>ἔργα</em></strong></span> <span class='ocrx_word' id='word_1_34' title='bbox 1450 808 1519 886; x_wconf 86' lang='grc' dir='ltr'><strong><em>ἀπὸ</em></strong></span> <span class='ocrx_word' id='word_1_35' title='bbox 1550 821 1625 886; x_wconf 85' lang='grc' dir='ltr'><strong><em>τῶν</em></strong></span> 
     </span>
     <span class='ocr_line' id='line_1_5' title="bbox 318 906 1625 1003; baseline -0.001 -16"><span class='ocrx_word' id='word_1_36' title='bbox 318 911 434 1003; x_wconf 89' lang='grc' dir='ltr'><strong><em>λόγων</em></strong></span> <span class='ocrx_word' id='word_1_37' title='bbox 459 909 572 984; x_wconf 82' lang='grc' dir='ltr'><strong><em>αὑτοῦ.</em></strong></span> <span class='ocrx_word' id='word_1_38' title='bbox 615 923 635 982; x_wconf 84' lang='grc'><strong>4</strong></span> <span class='ocrx_word' id='word_1_39' title='bbox 661 906 753 1000; x_wconf 89' lang='grc' dir='ltr'><strong><em>ὑμεῖς</em></strong></span> <span class='ocrx_word' id='word_1_40' title='bbox 778 916 815 982; x_wconf 75' lang='grc' dir='ltr'><strong><em>δὲ</em></strong></span> <span class='ocrx_word' id='word_1_41' title='bbox 841 908 904 983; x_wconf 87' lang='grc' dir='ltr'><strong><em>οὑκ</em></strong></span> <span class='ocrx_word' id='word_1_42' title='bbox 930 915 1120 1001; x_wconf 83' lang='grc' dir='ltr'><strong><em>ἐνεμείνατε</em></strong></span> <span class='ocrx_word' id='word_1_43' title='bbox 1142 907 1220 985; x_wconf 77' lang='grc' dir='ltr'><strong><em>οὑδὲ</em></strong></span> <span class='ocrx_word' id='word_1_44' title='bbox 1245 909 1427 1000; x_wconf 85' lang='grc' dir='ltr'><strong><em>ἐποιήσατε</em></strong></span> <span class='ocrx_word' id='word_1_45' title='bbox 1452 914 1540 985; x_wconf 79' lang='grc' dir='ltr'><strong><em>κατὰ</em></strong></span> <span class='ocrx_word' id='word_1_46' title='bbox 1563 914 1625 999; x_wconf 82' lang='grc' dir='ltr'><strong><em>τὰς</em></strong></span> 
     </span>
     <span class='ocr_line' id='line_1_6' title="bbox 284 1005 1625 1104; baseline 0.001 -20"><span class='ocrx_word' id='word_1_47' title='bbox 284 1031 300 1084; x_wconf 86' lang='grc'>5</span> <span class='ocrx_word' id='word_1_48' title='bbox 318 1013 460 1096; x_wconf 83' lang='grc' dir='ltr'><strong><em>ἐντολάς</em></strong></span> <span class='ocrx_word' id='word_1_49' title='bbox 470 1008 586 1096; x_wconf 86' lang='grc' dir='ltr'><strong><em>αὑτοῦ,</em></strong></span> <span class='ocrx_word' id='word_1_50' title='bbox 602 1005 691 1082; x_wconf 85' lang='grc' dir='ltr'><strong><em>ἀλλὰ</em></strong></span> <span class='ocrx_word' id='word_1_51' title='bbox 700 1007 868 1101; x_wconf 74' lang='grc' dir='ltr'><strong><em>ἀπέστητε</em></strong></span> <span class='ocrx_word' id='word_1_52' title='bbox 882 1017 938 1082; x_wconf 80' lang='grc' dir='ltr'><strong><em>καί</em></strong></span> <span class='ocrx_word' id='word_1_53' title='bbox 947 1009 1202 1102; x_wconf 90' lang='grc' dir='ltr'><strong><em>κατελαλήσατε</em></strong></span> <span class='ocrx_word' id='word_1_54' title='bbox 1216 1007 1381 1100; x_wconf 80' lang='grc' dir='ltr'><strong><em>μεγάλους</em></strong></span> <span class='ocrx_word' id='word_1_55' title='bbox 1394 1020 1451 1084; x_wconf 84' lang='grc' dir='ltr'><strong><em>καί</em></strong></span> <span class='ocrx_word' id='word_1_56' title='bbox 1460 1014 1625 1104; x_wconf 89' lang='grc' dir='ltr'><strong><em>σκληροὺς</em></strong></span> 
     </span>
     <span class='ocr_line' id='line_1_7' title="bbox 319 1105 1626 1203; baseline -0.004 -15"><span class='ocrx_word' id='word_1_57' title='bbox 319 1113 443 1203; x_wconf 80' lang='grc' dir='ltr'><strong><em>λόγους</em></strong></span> <span class='ocrx_word' id='word_1_58' title='bbox 457 1117 495 1184; x_wconf 87' lang='grc' dir='ltr'><strong><em>ἐν</em></strong></span> <span class='ocrx_word' id='word_1_59' title='bbox 510 1107 653 1200; x_wconf 87' lang='grc' dir='ltr'><strong><em>στόματι</em></strong></span> <span class='ocrx_word' id='word_1_60' title='bbox 667 1105 877 1200; x_wconf 76' lang='grc' dir='ltr'><strong><em>ἀκαθαρσίας</em></strong></span> <span class='ocrx_word' id='word_1_61' title='bbox 890 1107 988 1200; x_wconf 82' lang='grc' dir='ltr'><strong><em>ὑμῶν</em></strong></span> <span class='ocrx_word' id='word_1_62' title='bbox 1001 1109 1089 1182; x_wconf 82' lang='grc' dir='ltr'><strong><em>κατὰ</em></strong></span> <span class='ocrx_word' id='word_1_63' title='bbox 1104 1117 1166 1201; x_wconf 91' lang='grc' dir='ltr'><strong><em>τῆς</em></strong></span> <span class='ocrx_word' id='word_1_64' title='bbox 1179 1109 1407 1202; x_wconf 88' lang='grc' dir='ltr'><strong><em>μεγαλοσὺνης</em></strong></span> <span class='ocrx_word' id='word_1_65' title='bbox 1422 1109 1536 1184; x_wconf 87' lang='grc' dir='ltr'><strong><em>αὑτοῦ.</em></strong></span> <span class='ocrx_word' id='word_1_66' title='bbox 1571 1107 1626 1186; x_wconf 80' lang='grc' dir='ltr'><strong><em>ὅτι</em></strong></span> 
     </span>
     <span class='ocr_line' id='line_1_8' title="bbox 318 1205 1625 1303; baseline -0.001 -18"><span class='ocrx_word' id='word_1_67' title='bbox 318 1209 571 1302; x_wconf 89' lang='grc' dir='ltr'><strong><em>κατελαλήσατε</em></strong></span> <span class='ocrx_word' id='word_1_68' title='bbox 589 1214 626 1282; x_wconf 91' lang='grc' dir='ltr'><strong><em>ἐν</em></strong></span> <span class='ocrx_word' id='word_1_69' title='bbox 649 1226 721 1292; x_wconf 86' lang='grc' dir='ltr'><strong><em>τοῖς</em></strong></span> <span class='ocrx_word' id='word_1_70' title='bbox 741 1207 908 1298; x_wconf 82' lang='grc' dir='ltr'><strong><em>ψεὺμασιν</em></strong></span> <span class='ocrx_word' id='word_1_71' title='bbox 922 1205 1028 1300; x_wconf 81' lang='grc' dir='ltr'><strong><em>ὑμῶν,</em></strong></span> <span class='ocrx_word' id='word_1_72' title='bbox 1050 1207 1320 1300; x_wconf 82' lang='grc' dir='ltr'><strong><em>σκληροκάρὺιοι,</em></strong></span> <span class='ocrx_word' id='word_1_73' title='bbox 1343 1207 1405 1282; x_wconf 85' lang='grc' dir='ltr'><strong><em>οὑκ</em></strong></span> <span class='ocrx_word' id='word_1_74' title='bbox 1421 1207 1488 1283; x_wconf 82' lang='grc' dir='ltr'><strong><em>ἐστ’</em></strong></span> <span class='ocrx_word' id='word_1_75' title='bbox 1508 1210 1625 1303; x_wconf 79' lang='grc' dir='ltr'><strong><em>εἰρήνη</em></strong></span> 
     </span>
     <span class='ocr_line' id='line_1_9' title="bbox 318 1305 1626 1403; baseline -0.001 -18"><span class='ocrx_word' id='word_1_76' title='bbox 318 1311 404 1402; x_wconf 88' lang='grc' dir='ltr'><strong><em>ὑμῖν.</em></strong></span> <span class='ocrx_word' id='word_1_77' title='bbox 435 1325 453 1384; x_wconf 85' lang='grc'><strong>5</strong></span> <span class='ocrx_word' id='word_1_78' title='bbox 476 1309 596 1399; x_wconf 86' lang='grc' dir='ltr'><strong><em>τοιγάρ</em></strong></span> <span class='ocrx_word' id='word_1_79' title='bbox 616 1307 677 1393; x_wconf 81' lang='grc' dir='ltr'><strong><em>τὰς</em></strong></span> <span class='ocrx_word' id='word_1_80' title='bbox 696 1305 819 1400; x_wconf 75' lang='grc' dir='ltr'><strong><em>ἡμέρας</em></strong></span> <span class='ocrx_word' id='word_1_81' title='bbox 842 1306 939 1399; x_wconf 82' lang='grc' dir='ltr'><strong><em>ὑμῶν</em></strong></span> <span class='ocrx_word' id='word_1_82' title='bbox 957 1307 1049 1399; x_wconf 88' lang='grc' dir='ltr'><strong><em>ὑμεῖς</em></strong></span> <span class='ocrx_word' id='word_1_83' title='bbox 1069 1307 1320 1398; x_wconf 86' lang='grc' dir='ltr'><strong><em>κατηράσασθε,</em></strong></span> <span class='ocrx_word' id='word_1_84' title='bbox 1345 1317 1401 1382; x_wconf 82' lang='grc' dir='ltr'><strong><em>καί</em></strong></span> <span class='ocrx_word' id='word_1_85' title='bbox 1423 1311 1467 1381; x_wconf 87' lang='grc' dir='ltr'><strong><em>τά</em></strong></span> <span class='ocrx_word' id='word_1_86' title='bbox 1486 1313 1545 1402; x_wconf 85' lang='grc' dir='ltr'><strong><em>ἐτη</em></strong></span> <span class='ocrx_word' id='word_1_87' title='bbox 1564 1317 1626 1403; x_wconf 87' lang='grc' dir='ltr'><strong><em>τῆς</em></strong></span> 
     </span>
     <span class='ocr_line' id='line_1_10' title="bbox 320 1405 1626 1503; baseline 0 -20"><span class='ocrx_word' id='word_1_88' title='bbox 320 1418 409 1503; x_wconf 90' lang='grc' dir='ltr'><strong><em>ζωῆς</em></strong></span> <span class='ocrx_word' id='word_1_89' title='bbox 423 1407 519 1500; x_wconf 89' lang='grc' dir='ltr'><strong><em>ὑμών</em></strong></span> <span class='ocrx_word' id='word_1_90' title='bbox 529 1405 715 1494; x_wconf 87' lang='grc' dir='ltr'><strong><em>ἀπολεῖται,</em></strong></span> <span class='ocrx_word' id='word_1_91' title='bbox 730 1407 839 1481; x_wconf 82' lang='grc' dir='ltr'><strong><em>καὶτὰ</em></strong></span> <span class='ocrx_word' id='word_1_92' title='bbox 855 1410 914 1499; x_wconf 85' lang='grc' dir='ltr'><strong><em>ἐτη</em></strong></span> <span class='ocrx_word' id='word_1_93' title='bbox 925 1415 987 1499; x_wconf 89' lang='grc' dir='ltr'><strong><em>τῆς</em></strong></span> <span class='ocrx_word' id='word_1_94' title='bbox 1001 1405 1172 1493; x_wconf 74' lang='grc' dir='ltr'><strong><em>ἀπωλείας</em></strong></span> <span class='ocrx_word' id='word_1_95' title='bbox 1186 1407 1283 1500; x_wconf 82' lang='grc' dir='ltr'><strong><em>ὑμῶν</em></strong></span> <span class='ocrx_word' id='word_1_96' title='bbox 1293 1407 1578 1501; x_wconf 86' lang='grc' dir='ltr'><strong><em>πληθυνθήοεται</em></strong></span> <span class='ocrx_word' id='word_1_97' title='bbox 1589 1415 1626 1483; x_wconf 90' lang='grc' dir='ltr'><strong><em>ἐν</em></strong></span> 
     </span>
     <span class='ocr_line' id='line_1_11' title="bbox 268 1503 1626 1604; baseline 0.001 -22"><span class='ocrx_word' id='word_1_98' title='bbox 268 1529 302 1584; x_wconf 90' lang='grc'><strong><em>10</em></strong></span> <span class='ocrx_word' id='word_1_99' title='bbox 318 1508 450 1604; x_wconf 83' lang='grc' dir='ltr'><strong><em>κατάρᾳ</em></strong></span> <span class='ocrx_word' id='word_1_100' title='bbox 465 1508 616 1594; x_wconf 77' lang='grc' dir='ltr'><strong><em>αἰώνων,</em></strong></span> <span class='ocrx_word' id='word_1_101' title='bbox 638 1515 694 1580; x_wconf 85' lang='grc' dir='ltr'><strong><em>καί</em></strong></span> <span class='ocrx_word' id='word_1_102' title='bbox 708 1503 771 1580; x_wconf 83' lang='grc' dir='ltr'><strong><em>οὑκ</em></strong></span> <span class='ocrx_word' id='word_1_103' title='bbox 784 1507 879 1580; x_wconf 79' lang='grc' dir='ltr'><strong><em>’ἐσται</em></strong></span> <span class='ocrx_word' id='word_1_104' title='bbox 898 1504 978 1599; x_wconf 91' lang='grc' dir='ltr'><strong><em>ὑμῖν</em></strong></span> <span class='ocrx_word' id='word_1_105' title='bbox 991 1511 1084 1593; x_wconf 82' lang='grc' dir='ltr'><strong><em>ἔλεος</em></strong></span> <span class='ocrx_word' id='word_1_106' title='bbox 1102 1517 1158 1580; x_wconf 83' lang='grc' dir='ltr'><strong><em>καὶ</em></strong></span> <span class='ocrx_word' id='word_1_107' title='bbox 1177 1507 1299 1600; x_wconf 79' lang='grc' dir='ltr'><strong><em>εἰρήνη.</em></strong></span> <span class='ocrx_word' id='word_1_108' title='bbox 1336 1521 1355 1583; x_wconf 92' lang='grc'><strong>6</strong></span> <span class='ocrx_word' id='word_1_109' title='bbox 1379 1507 1459 1581; x_wconf 86' lang='grc' dir='ltr'><strong><em>τότε</em></strong></span> <span class='ocrx_word' id='word_1_110' title='bbox 1474 1513 1568 1583; x_wconf 76' lang='grc' dir='ltr'><strong><em>ἔσται</em></strong></span> <span class='ocrx_word' id='word_1_111' title='bbox 1582 1510 1626 1583; x_wconf 84' lang='grc' dir='ltr'><strong><em>τά</em></strong></span> 
     </span>
     <span class='ocr_line' id='line_1_12' title="bbox 320 1604 1626 1700; baseline 0.001 -19"><span class='ocrx_word' id='word_1_112' title='bbox 320 1606 473 1699; x_wconf 85' lang='grc' dir='ltr'><strong><em>ὀνόματα</em></strong></span> <span class='ocrx_word' id='word_1_113' title='bbox 482 1605 579 1700; x_wconf 83' lang='grc' dir='ltr'><strong><em>ὑμῶν</em></strong></span> <span class='ocrx_word' id='word_1_114' title='bbox 589 1615 635 1692; x_wconf 91' lang='grc' dir='ltr'><strong><em>εἰς</em></strong></span> <span class='ocrx_word' id='word_1_115' title='bbox 643 1604 797 1698; x_wconf 87' lang='grc' dir='ltr'><strong><em>κατάραν</em></strong></span> <span class='ocrx_word' id='word_1_116' title='bbox 812 1608 954 1681; x_wconf 85' lang='grc' dir='ltr'><strong><em>αἰώνιον</em></strong></span> <span class='ocrx_word' id='word_1_117' title='bbox 963 1613 1066 1680; x_wconf 83' lang='grc' dir='ltr'><strong><em>πᾶσιν</em></strong></span> <span class='ocrx_word' id='word_1_118' title='bbox 1076 1626 1149 1692; x_wconf 85' lang='grc' dir='ltr'><strong><em>τοῖς</em></strong></span> <span class='ocrx_word' id='word_1_119' title='bbox 1158 1613 1308 1693; x_wconf 86' lang='grc' dir='ltr'><strong><em>δικαίοις,</em></strong></span> <span class='ocrx_word' id='word_1_120' title='bbox 1323 1617 1379 1680; x_wconf 83' lang='grc' dir='ltr'><strong><em>καὶ</em></strong></span> <span class='ocrx_word' id='word_1_121' title='bbox 1393 1614 1431 1681; x_wconf 94' lang='grc' dir='ltr'><strong><em>ἐν</em></strong></span> <span class='ocrx_word' id='word_1_122' title='bbox 1439 1607 1517 1698; x_wconf 91' lang='grc' dir='ltr'><strong><em>ὑμῖν</em></strong></span> <span class='ocrx_word' id='word_1_123' title='bbox 1525 1639 1626 1683; x_wconf 88' lang='grc' dir='ltr'><strong><em>κατα-</em></strong></span> 
     </span>
     <span class='ocr_line' id='line_1_13' title="bbox 320 1702 1628 1800; baseline -0.002 -18"><span class='ocrx_word' id='word_1_124' title='bbox 320 1707 484 1800; x_wconf 89' lang='grc' dir='ltr'><strong><em>ράσονται</em></strong></span> <span class='ocrx_word' id='word_1_125' title='bbox 491 1705 621 1794; x_wconf 89' lang='grc' dir='ltr'><strong><em>πάντες</em></strong></span> <span class='ocrx_word' id='word_1_126' title='bbox 630 1712 663 1781; x_wconf 88' lang='grc' dir='ltr'><strong><em>οί</em></strong></span> <span class='ocrx_word' id='word_1_127' title='bbox 672 1707 917 1798; x_wconf 81' lang='grc' dir='ltr'><strong><em>καταρώμενοι,</em></strong></span> <span class='ocrx_word' id='word_1_128' title='bbox 926 1714 982 1778; x_wconf 85' lang='grc' dir='ltr'><strong><em>καί</em></strong></span> <span class='ocrx_word' id='word_1_129' title='bbox 991 1702 1119 1792; x_wconf 87' lang='grc' dir='ltr'><strong><em>πάντες</em></strong></span> <span class='ocrx_word' id='word_1_130' title='bbox 1130 1712 1162 1779; x_wconf 80' lang='grc' dir='ltr'><strong><em>οἰ</em></strong></span> <span class='ocrx_word' id='word_1_131' title='bbox 1172 1704 1369 1798; x_wconf 84' lang='grc' dir='ltr'><strong><em>άμαρτωλοὶ</em></strong></span> <span class='ocrx_word' id='word_1_132' title='bbox 1382 1717 1438 1781; x_wconf 88' lang='grc' dir='ltr'><strong><em>καὶ</em></strong></span> <span class='ocrx_word' id='word_1_133' title='bbox 1449 1705 1575 1794; x_wconf 79' lang='grc' dir='ltr'><strong><em>ἀσεβεῖς</em></strong></span> <span class='ocrx_word' id='word_1_134' title='bbox 1590 1713 1628 1780; x_wconf 91' lang='grc' dir='ltr'><strong><em>ἐν</em></strong></span> 
     </span>
     <span class='ocr_line' id='line_1_14' title="bbox 319 1803 1627 1900; baseline 0 -20"><span class='ocrx_word' id='word_1_135' title='bbox 319 1805 396 1899; x_wconf 88' lang='grc' dir='ltr'><strong><em>ὑμῖν</em></strong></span> <span class='ocrx_word' id='word_1_136' title='bbox 416 1803 587 1900; x_wconf 68' lang='grc' dir='ltr'><strong><em>ἀμοῦνται,</em></strong></span> <span class='ocrx_word' id='word_1_137' title='bbox 625 1816 691 1896; x_wconf 84' lang='grc' dir='ltr'><strong><em>[καί</em></strong></span> <span class='ocrx_word' id='word_1_138' title='bbox 713 1804 839 1889; x_wconf 85' lang='grc' dir='ltr'><strong><em>πάντες</em></strong></span> <span class='ocrx_word' id='word_1_139' title='bbox 861 1810 894 1879; x_wconf 81' lang='lat' dir='ltr'><strong><em>ol</em></strong></span> <span class='ocrx_word' id='word_1_140' title='bbox 907 1803 1066 1893; x_wconf 87' lang='grc' dir='ltr'><strong><em>ἀμίαντοι</em></strong></span> <span class='ocrx_word' id='word_1_141' title='bbox 1080 1804 1295 1898; x_wconf 80' lang='grc' dir='ltr'><strong><em>χαρήσονται,</em></strong></span> <span class='ocrx_word' id='word_1_142' title='bbox 1317 1815 1374 1880; x_wconf 85' lang='grc' dir='ltr'><strong><em>καί</em></strong></span> <span class='ocrx_word' id='word_1_143' title='bbox 1395 1809 1488 1880; x_wconf 86' lang='grc' dir='ltr'><strong><em>ἐσται</em></strong></span> <span class='ocrx_word' id='word_1_144' title='bbox 1511 1805 1627 1892; x_wconf 86' lang='grc' dir='ltr'><strong><em>αὑτοῖς</em></strong></span> 
     </span>
     <span class='ocr_line' id='line_1_15' title="bbox 320 1903 1629 1999; baseline -0.002 -18"><span class='ocrx_word' id='word_1_145' title='bbox 320 1907 414 1992; x_wconf 83' lang='grc' dir='ltr'><strong><em>λύσις</em></strong></span> <span class='ocrx_word' id='word_1_146' title='bbox 435 1904 612 1999; x_wconf 83' lang='grc' dir='ltr'><strong><em>άμαρτιῶν</em></strong></span> <span class='ocrx_word' id='word_1_147' title='bbox 633 1915 691 1980; x_wconf 83' lang='grc' dir='ltr'><strong><em>καὶ</em></strong></span> <span class='ocrx_word' id='word_1_148' title='bbox 712 1913 782 1979; x_wconf 85' lang='grc' dir='ltr'><strong><em>πᾶν</em></strong></span> <span class='ocrx_word' id='word_1_149' title='bbox 805 1907 897 1989; x_wconf 90' lang='grc' dir='ltr'><strong><em>ἐλεος</em></strong></span> <span class='ocrx_word' id='word_1_150' title='bbox 917 1913 974 1976; x_wconf 81' lang='grc' dir='ltr'><strong><em>καὶ</em></strong></span> <span class='ocrx_word' id='word_1_151' title='bbox 995 1904 1111 1997; x_wconf 80' lang='grc' dir='ltr'><strong><em>εἰρήνη</em></strong></span> <span class='ocrx_word' id='word_1_152' title='bbox 1132 1913 1189 1978; x_wconf 84' lang='grc' dir='ltr'><strong><em>καί</em></strong></span> <span class='ocrx_word' id='word_1_153' title='bbox 1203 1910 1370 1990; x_wconf 75' lang='grc' dir='ltr'><strong><em>ἐπιείκεια,</em></strong></span> <span class='ocrx_word' id='word_1_154' title='bbox 1393 1909 1488 1979; x_wconf 81' lang='grc' dir='ltr'><strong><em>ἔσται</em></strong></span> <span class='ocrx_word' id='word_1_155' title='bbox 1510 1903 1629 1990; x_wconf 86' lang='grc' dir='ltr'><strong><em>αὑτοῖς</em></strong></span> 
     </span>
     <span class='ocr_line' id='line_1_16' title="bbox 270 2003 1628 2098; baseline 0 -20"><span class='ocrx_word' id='word_1_156' title='bbox 270 2027 302 2080; x_wconf 83' lang='grc'>15</span> <span class='ocrx_word' id='word_1_157' title='bbox 319 2016 479 2098; x_wconf 90' lang='grc' dir='ltr'><strong><em>σωτηρία,</em></strong></span> <span class='ocrx_word' id='word_1_158' title='bbox 502 2015 578 2095; x_wconf 85' lang='grc' dir='ltr'><strong><em>φώς</em></strong></span> <span class='ocrx_word' id='word_1_159' title='bbox 593 2004 737 2098; x_wconf 85' lang='grc' dir='ltr'><strong><em>ἀγαθάν,</em></strong></span> <span class='ocrx_word' id='word_1_160' title='bbox 760 2013 816 2077; x_wconf 84' lang='grc' dir='ltr'><strong><em>καί</em></strong></span> <span class='ocrx_word' id='word_1_161' title='bbox 831 2003 929 2078; x_wconf 85' lang='grc' dir='ltr'><strong><em>αὑτοὶ</em></strong></span> <span class='ocrx_word' id='word_1_162' title='bbox 943 2004 1256 2096; x_wconf 84' lang='grc' dir='ltr'><strong><em>κληρονομήσουσιν</em></strong></span> <span class='ocrx_word' id='word_1_163' title='bbox 1271 2005 1336 2095; x_wconf 88' lang='grc' dir='ltr'><strong><em>τῆν</em></strong></span> <span class='ocrx_word' id='word_1_164' title='bbox 1351 2013 1425 2098; x_wconf 90' lang='grc' dir='ltr'><strong><em>γῆν,</em></strong></span> <span class='ocrx_word' id='word_1_165' title='bbox 1446 2015 1503 2080; x_wconf 84' lang='grc' dir='ltr'><strong><em>καί</em></strong></span> <span class='ocrx_word' id='word_1_166' title='bbox 1525 2013 1628 2080; x_wconf 83' lang='grc' dir='ltr'><strong><em>πᾶσιν</em></strong></span> 
     </span>
     <span class='ocr_line' id='line_1_17' title="bbox 320 2101 1629 2198; baseline 0.001 -20"><span class='ocrx_word' id='word_1_167' title='bbox 320 2103 398 2198; x_wconf 89' lang='grc' dir='ltr'><strong><em>ὑμῖν</em></strong></span> <span class='ocrx_word' id='word_1_168' title='bbox 424 2125 497 2190; x_wconf 91' lang='grc' dir='ltr'><strong><em>τοῖς</em></strong></span> <span class='ocrx_word' id='word_1_169' title='bbox 524 2103 739 2198; x_wconf 76' lang='grc' dir='ltr'><strong><em>ἁμαρτωλοῖς</em></strong></span> <span class='ocrx_word' id='word_1_170' title='bbox 760 2102 820 2194; x_wconf 85' lang='grc' dir='ltr'><strong><em>οὑχ</em></strong></span> <span class='ocrx_word' id='word_1_171' title='bbox 842 2101 983 2194; x_wconf 77' lang='grc' dir='ltr'><strong><em>ὑπάρξει</em></strong></span> <span class='ocrx_word' id='word_1_172' title='bbox 1010 2112 1175 2196; x_wconf 86' lang='grc' dir='ltr'><strong><em>σωτηρία,</em></strong></span> <span class='ocrx_word' id='word_1_173' title='bbox 1203 2101 1292 2179; x_wconf 80' lang='grc' dir='ltr'><strong><em>ἀλλὰ</em></strong></span> <span class='ocrx_word' id='word_1_174' title='bbox 1314 2111 1370 2178; x_wconf 84' lang='grc' dir='ltr'><strong><em>ἐπὶ</em></strong></span> <span class='ocrx_word' id='word_1_175' title='bbox 1391 2101 1524 2189; x_wconf 90' lang='grc' dir='ltr'><strong><em>πάντας</em></strong></span> <span class='ocrx_word' id='word_1_176' title='bbox 1544 2103 1629 2197; x_wconf 85' lang='grc' dir='ltr'><strong><em>ὑμᾶς</em></strong></span> 
     </span>
     <span class='ocr_line' id='line_1_18' title="bbox 320 2202 1629 2296; baseline 0 -17"><span class='ocrx_word' id='word_1_177' title='bbox 320 2205 501 2280; x_wconf 83' lang='grc' dir='ltr'><strong><em>καταλύσει</em></strong></span> <span class='ocrx_word' id='word_1_178' title='bbox 526 2204 677 2294; x_wconf 89' lang='grc' dir='ltr'><strong><em>κατάρα]</em></strong></span> <span class='ocrx_word' id='word_1_179' title='bbox 720 2218 739 2284; x_wconf 74' lang='grc'><strong><em>,7</em></strong></span> <span class='ocrx_word' id='word_1_180' title='bbox 770 2213 827 2278; x_wconf 82' lang='grc' dir='ltr'><strong><em>καὶ</em></strong></span> <span class='ocrx_word' id='word_1_181' title='bbox 854 2223 927 2288; x_wconf 86' lang='grc' dir='ltr'><strong><em>τοῖς</em></strong></span> <span class='ocrx_word' id='word_1_182' title='bbox 952 2209 1124 2289; x_wconf 81' lang='grc' dir='ltr'><strong><em>ἐκλεκτοῖς</em></strong></span> <span class='ocrx_word' id='word_1_183' title='bbox 1150 2207 1244 2277; x_wconf 86' lang='grc' dir='ltr'><strong><em>ἐσται</em></strong></span> <span class='ocrx_word' id='word_1_184' title='bbox 1270 2212 1346 2294; x_wconf 84' lang='grc' dir='ltr'><strong><em>φώς</em></strong></span> <span class='ocrx_word' id='word_1_185' title='bbox 1371 2214 1427 2279; x_wconf 84' lang='grc' dir='ltr'><strong><em>καὶ</em></strong></span> <span class='ocrx_word' id='word_1_186' title='bbox 1451 2202 1547 2296; x_wconf 90' lang='grc' dir='ltr'><strong><em>χάρις</em></strong></span> <span class='ocrx_word' id='word_1_187' title='bbox 1571 2214 1629 2279; x_wconf 83' lang='grc' dir='ltr'><strong><em>καὶ</em></strong></span> 
     </span>
     <span class='ocr_line' id='line_1_19' title="bbox 321 2301 1629 2397; baseline -0.001 -20"><span class='ocrx_word' id='word_1_188' title='bbox 321 2304 435 2397; x_wconf 90' lang='grc' dir='ltr'><strong><em>εἰρήνη</em></strong></span> <span class='ocrx_word' id='word_1_189' title='bbox 461 2314 517 2377; x_wconf 84' lang='grc' dir='ltr'><strong><em>καὶ</em></strong></span> <span class='ocrx_word' id='word_1_190' title='bbox 543 2301 643 2377; x_wconf 81' lang='grc' dir='ltr'><strong><em>αὑτοὶ</em></strong></span> <span class='ocrx_word' id='word_1_191' title='bbox 667 2302 982 2396; x_wconf 88' lang='grc' dir='ltr'><strong><em>κληρονομήσουσιν</em></strong></span> <span class='ocrx_word' id='word_1_192' title='bbox 1010 2304 1075 2396; x_wconf 86' lang='grc' dir='ltr'><strong><em>τῆν</em></strong></span> <span class='ocrx_word' id='word_1_193' title='bbox 1100 2311 1178 2395; x_wconf 88' lang='grc' dir='ltr'><strong><em>γῆν,</em></strong></span> <span class='ocrx_word' id='word_1_194' title='bbox 1209 2301 1288 2394; x_wconf 92' lang='grc' dir='ltr'><strong><em>ὑμῖν</em></strong></span> <span class='ocrx_word' id='word_1_195' title='bbox 1313 2311 1349 2378; x_wconf 80' lang='grc' dir='ltr'><strong><em>δέ</em></strong></span> <span class='ocrx_word' id='word_1_196' title='bbox 1375 2324 1449 2389; x_wconf 89' lang='grc' dir='ltr'><strong><em>τοῖς</em></strong></span> <span class='ocrx_word' id='word_1_197' title='bbox 1479 2302 1629 2395; x_wconf 80' lang='grc' dir='ltr'><strong><em>ἀσεβέσιν</em></strong></span> 
     </span>
     <span class='ocr_line' id='line_1_20' title="bbox 322 2399 1630 2526; baseline -0.001 -49"><span class='ocrx_word' id='word_1_198' title='bbox 322 2411 415 2478; x_wconf 77' lang='grc' dir='ltr'><strong><em>ἔσται</em></strong></span> <span class='ocrx_word' id='word_1_199' title='bbox 434 2399 574 2496; x_wconf 87' lang='grc' dir='ltr'><strong><em>κατάρα.</em></strong></span> <span class='ocrx_word' id='word_1_200' title='bbox 618 2415 636 2476; x_wconf 90' lang='grc'>8</span> <span class='ocrx_word' id='word_1_201' title='bbox 659 2400 738 2476; x_wconf 89' lang='grc' dir='ltr'><strong><em>τότε</em></strong></span> <span class='ocrx_word' id='word_1_202' title='bbox 761 2401 946 2526; x_wconf 77' lang='grc' dir='ltr'><strong><em>ἀρθήσεται</em></strong></span> <span class='ocrx_word' id='word_1_203' title='bbox 972 2422 1045 2489; x_wconf 89' lang='grc' dir='ltr'><strong><em>τοῖς</em></strong></span> <span class='ocrx_word' id='word_1_204' title='bbox 1065 2409 1237 2488; x_wconf 72' lang='grc' dir='ltr'><strong><em>ἐκλεκτοῖς</em></strong></span> <span class='ocrx_word' id='word_1_205' title='bbox 1262 2411 1349 2491; x_wconf 81' lang='grc' dir='ltr'><strong><em>[φώς</em></strong></span> <span class='ocrx_word' id='word_1_206' title='bbox 1369 2413 1426 2477; x_wconf 87' lang='grc' dir='ltr'><strong><em>καὶ</em></strong></span> <span class='ocrx_word' id='word_1_207' title='bbox 1445 2400 1551 2494; x_wconf 86' lang='grc' dir='ltr'><strong><em>χάρις,</em></strong></span> <span class='ocrx_word' id='word_1_208' title='bbox 1573 2413 1630 2476; x_wconf 84' lang='grc' dir='ltr'><strong><em>καί</em></strong></span> 
     </span>
     <span class='ocr_line' id='line_1_21' title="bbox 270 2499 1631 2632; baseline -0.001 -55"><span class='ocrx_word' id='word_1_209' title='bbox 270 2523 304 2578; x_wconf 84' lang='grc'><strong><em>20</em></strong></span> <span class='ocrx_word' id='word_1_210' title='bbox 322 2502 421 2577; x_wconf 85' lang='grc' dir='ltr'><strong><em>αὑτοὶ</em></strong></span> <span class='ocrx_word' id='word_1_211' title='bbox 435 2499 747 2628; x_wconf 89' lang='grc' dir='ltr'><strong><em>κληρονομήσουσιν</em></strong></span> <span class='ocrx_word' id='word_1_212' title='bbox 761 2503 827 2594; x_wconf 86' lang='grc' dir='ltr'><strong><em>τῆν</em></strong></span> <span class='ocrx_word' id='word_1_213' title='bbox 840 2509 917 2594; x_wconf 90' lang='grc' dir='ltr'><strong><em>γῆν</em></strong></span> <span class='ocrx_word' id='word_1_214' title='bbox 933 2501 1015 2577; x_wconf 83' lang='grc' dir='ltr'><strong><em>τότε</em></strong></span> <span class='ocrx_word' id='word_1_215' title='bbox 1029 2502 1214 2595; x_wconf 71' lang='grc' dir='ltr'><strong><em>δοθήσεται</em></strong></span> <span class='ocrx_word' id='word_1_216' title='bbox 1231 2509 1335 2576; x_wconf 81' lang='grc' dir='ltr'><strong><em>πᾶσιν</em></strong></span> <span class='ocrx_word' id='word_1_217' title='bbox 1353 2521 1426 2587; x_wconf 93' lang='grc' dir='ltr'><strong><em>τοῖς</em></strong></span> <span class='ocrx_word' id='word_1_218' title='bbox 1445 2507 1631 2632; x_wconf 81' lang='grc' dir='ltr'><strong><em>ἐκλεκτοῖς]</em></strong></span> 
     </span>
     <span class='ocr_line' id='line_1_22' title="bbox 323 2594 1631 2694; baseline -0.001 -17"><span class='ocrx_word' id='word_1_219' title='bbox 323 2612 441 2694; x_wconf 83' lang='grc' dir='ltr'><strong><em>σοφία,</em></strong></span> <span class='ocrx_word' id='word_1_220' title='bbox 468 2610 524 2674; x_wconf 85' lang='grc' dir='ltr'><strong><em>καλ</em></strong></span> <span class='ocrx_word' id='word_1_221' title='bbox 549 2600 676 2688; x_wconf 87' lang='grc' dir='ltr'><strong><em>πάντες</em></strong></span> <span class='ocrx_word' id='word_1_222' title='bbox 703 2594 801 2675; x_wconf 89' lang='grc' dir='ltr'><strong><em>οὑτοι</em></strong></span> <span class='ocrx_word' id='word_1_223' title='bbox 828 2601 987 2694; x_wconf 90' lang='grc' dir='ltr'><strong><em>ζήσονται</em></strong></span> <span class='ocrx_word' id='word_1_224' title='bbox 1012 2610 1069 2675; x_wconf 86' lang='grc' dir='ltr'><strong><em>καὶ</em></strong></span> <span class='ocrx_word' id='word_1_225' title='bbox 1090 2599 1132 2674; x_wconf 87' lang='grc' dir='ltr'><strong><em>οὑ</em></strong></span> <span class='ocrx_word' id='word_1_226' title='bbox 1152 2601 1198 2694; x_wconf 86' lang='grc' dir='ltr'><strong><em>μῆ</em></strong></span> <span class='ocrx_word' id='word_1_227' title='bbox 1220 2598 1475 2694; x_wconf 87' lang='grc' dir='ltr'><strong><em>άμαρτήσονται</em></strong></span> <span class='ocrx_word' id='word_1_228' title='bbox 1497 2606 1561 2690; x_wconf 80' lang='grc' dir='ltr'><strong><em>ἔτι,</em></strong></span> <span class='ocrx_word' id='word_1_229' title='bbox 1589 2601 1631 2676; x_wconf 84' lang='grc' dir='ltr'><strong><em>οὑ</em></strong></span> 
     </span>
     <span class='ocr_line' id='line_1_23' title="bbox 323 2695 1632 2832; baseline -0.001 -57"><span class='ocrx_word' id='word_1_230' title='bbox 323 2704 411 2777; x_wconf 82' lang='grc' dir='ltr'><strong><em>κατὰ</em></strong></span> <span class='ocrx_word' id='word_1_231' title='bbox 433 2700 547 2794; x_wconf 86' lang='grc' dir='ltr'><strong><em>λήθην</em></strong></span> <span class='ocrx_word' id='word_1_232' title='bbox 568 2695 650 2776; x_wconf 87' lang='grc' dir='ltr'><strong><em>οὑτε</em></strong></span> <span class='ocrx_word' id='word_1_233' title='bbox 670 2701 759 2775; x_wconf 84' lang='grc' dir='ltr'><strong><em>κατά</em></strong></span> <span class='ocrx_word' id='word_1_234' title='bbox 779 2699 1027 2794; x_wconf 86' lang='grc' dir='ltr'><strong><em>ὑπερηφανίαν,</em></strong></span> <span class='ocrx_word' id='word_1_235' title='bbox 1053 2705 1147 2775; x_wconf 65' lang='lat' dir='ltr'><strong><em>nal*</em></strong></span> <span class='ocrx_word' id='word_1_236' title='bbox 1131 2727 1225 2775; x_wconf 92' lang='grc' dir='ltr'><strong><em>εσται</em></strong></span> <span class='ocrx_word' id='word_1_237' title='bbox 1246 2707 1284 2774; x_wconf 88' lang='grc' dir='ltr'><strong><em>ἐν</em></strong></span> <span class='ocrx_word' id='word_1_238' title='bbox 1310 2696 1491 2832; x_wconf 83' lang='grc' dir='ltr'><strong><em>ἀνθρώπῳ</em></strong></span> <span class='ocrx_word' id='word_1_239' title='bbox 1514 2731 1632 2791; x_wconf 88' lang='grc' dir='ltr'><strong><em>πεφω-</em></strong></span> 
     </span>
     <span class='ocr_line' id='line_1_24' title="bbox 324 2797 1632 2894; baseline -0.003 -17"><span class='ocrx_word' id='word_1_240' title='bbox 324 2809 471 2894; x_wconf 80' lang='grc' dir='ltr'><strong><em>τισμένῳ</em></strong></span> <span class='ocrx_word' id='word_1_241' title='bbox 495 2809 571 2890; x_wconf 83' lang='grc' dir='ltr'><strong><em>φώς</em></strong></span> <span class='ocrx_word' id='word_1_242' title='bbox 585 2809 640 2874; x_wconf 88' lang='grc' dir='ltr'><strong><em>καί</em></strong></span> <span class='ocrx_word' id='word_1_243' title='bbox 662 2797 841 2893; x_wconf 83' lang='grc' dir='ltr'><strong><em>ἀνθρώπῳ</em></strong></span> <span class='ocrx_word' id='word_1_244' title='bbox 863 2800 1064 2894; x_wconf 87' lang='grc' dir='ltr'><strong><em>ἐπιστήμονι</em></strong></span> <span class='ocrx_word' id='word_1_245' title='bbox 1085 2800 1204 2894; x_wconf 88' lang='grc' dir='ltr'><strong><em>νόημα</em></strong></span> <span class='ocrx_word' id='word_1_246' title='bbox 1239 2813 1258 2874; x_wconf 90' lang='grc'><strong>9</strong></span> <span class='ocrx_word' id='word_1_247' title='bbox 1280 2809 1336 2874; x_wconf 86' lang='grc' dir='ltr'><strong><em>καὶ</em></strong></span> <span class='ocrx_word' id='word_1_248' title='bbox 1356 2799 1397 2874; x_wconf 83' lang='grc' dir='ltr'><strong><em>οὑ</em></strong></span> <span class='ocrx_word' id='word_1_249' title='bbox 1417 2801 1462 2893; x_wconf 85' lang='grc' dir='ltr'><strong><em>μῆ</em></strong></span> <span class='ocrx_word' id='word_1_250' title='bbox 1481 2814 1632 2893; x_wconf 90' lang='grc' dir='ltr'><strong><em>πλημμε-</em></strong></span> 
     </span>
     <span class='ocr_line' id='line_1_25' title="bbox 324 2897 1632 2993; baseline -0.002 -17"><span class='ocrx_word' id='word_1_251' title='bbox 324 2901 486 2993; x_wconf 86' lang='grc' dir='ltr'><strong><em>λῆσουσιν</em></strong></span> <span class='ocrx_word' id='word_1_252' title='bbox 507 2899 586 2975; x_wconf 82' lang='grc' dir='ltr'><strong><em>οὑὺἐ</em></strong></span> <span class='ocrx_word' id='word_1_253' title='bbox 608 2901 652 2992; x_wconf 83' lang='grc' dir='ltr'><strong><em>μή</em></strong></span> <span class='ocrx_word' id='word_1_254' title='bbox 675 2898 872 2992; x_wconf 87' lang='grc' dir='ltr'><strong><em>άμάρτωσιν</em></strong></span> <span class='ocrx_word' id='word_1_255' title='bbox 893 2898 1003 2986; x_wconf 89' lang='grc' dir='ltr'><strong><em>πάσας</em></strong></span> <span class='ocrx_word' id='word_1_256' title='bbox 1025 2900 1086 2986; x_wconf 82' lang='grc' dir='ltr'><strong><em>τὰς</em></strong></span> <span class='ocrx_word' id='word_1_257' title='bbox 1107 2897 1231 2992; x_wconf 85' lang='grc' dir='ltr'><strong><em>ῆμέρας</em></strong></span> <span class='ocrx_word' id='word_1_258' title='bbox 1245 2907 1306 2992; x_wconf 91' lang='grc' dir='ltr'><strong><em>τῆς</em></strong></span> <span class='ocrx_word' id='word_1_259' title='bbox 1326 2910 1416 2993; x_wconf 83' lang='grc' dir='ltr'><strong><em>ζωῆς</em></strong></span> <span class='ocrx_word' id='word_1_260' title='bbox 1437 2898 1555 2975; x_wconf 81' lang='grc' dir='ltr'><strong><em>αὑτῶν</em></strong></span> <span class='ocrx_word' id='word_1_261' title='bbox 1575 2908 1632 2974; x_wconf 81' lang='grc' dir='ltr'><strong><em>καί</em></strong></span> 
     </span>
     <span class='ocr_line' id='line_1_26' title="bbox 273 2997 1633 3092; baseline 0.001 -20"><span class='ocrx_word' id='word_1_262' title='bbox 273 3019 306 3074; x_wconf 82' lang='grc'><strong><em>25</em></strong></span> <span class='ocrx_word' id='word_1_263' title='bbox 325 3000 365 3076; x_wconf 86' lang='grc' dir='ltr'><strong><em>οὑ</em></strong></span> <span class='ocrx_word' id='word_1_264' title='bbox 386 3001 431 3092; x_wconf 85' lang='grc' dir='ltr'><strong><em>μὴ</em></strong></span> <span class='ocrx_word' id='word_1_265' title='bbox 457 2998 685 3074; x_wconf 89' lang='grc' dir='ltr'><strong><em>ἀποθάνωσιν</em></strong></span> <span class='ocrx_word' id='word_1_266' title='bbox 710 3007 748 3074; x_wconf 89' lang='grc' dir='ltr'><strong><em>ἐν</em></strong></span> <span class='ocrx_word' id='word_1_267' title='bbox 774 2997 859 3092; x_wconf 84' lang='grc' dir='ltr'><strong><em>ὀργῆ</em></strong></span> <span class='ocrx_word' id='word_1_268' title='bbox 880 3008 992 3090; x_wconf 82' lang='grc' dir='ltr'><strong><em>θυμοῦ</em></strong></span> <span class='ocrx_word' id='word_1_269' title='bbox 1018 2998 1106 3074; x_wconf 86' lang='grc' dir='ltr'><strong><em>ἀλλὰ</em></strong></span> <span class='ocrx_word' id='word_1_270' title='bbox 1133 3000 1197 3075; x_wconf 87' lang='grc' dir='ltr'><strong><em>τὸν</em></strong></span> <span class='ocrx_word' id='word_1_271' title='bbox 1223 2997 1371 3092; x_wconf 86' lang='grc' dir='ltr'><strong><em>ἀριθμὸν</em></strong></span> <span class='ocrx_word' id='word_1_272' title='bbox 1397 2997 1515 3074; x_wconf 80' lang='grc' dir='ltr'><strong><em>αὑτῶν</em></strong></span> <span class='ocrx_word' id='word_1_273' title='bbox 1542 3007 1633 3091; x_wconf 87' lang='grc' dir='ltr'><strong><em>ζωῆς</em></strong></span> 
     </span>
     <span class='ocr_line' id='line_1_27' title="bbox 323 3097 1632 3194; baseline -0.001 -21"><span class='ocrx_word' id='word_1_274' title='bbox 323 3099 458 3193; x_wconf 85' lang='grc' dir='ltr'><strong><em>ῆμερών</em></strong></span> <span class='ocrx_word' id='word_1_275' title='bbox 478 3102 732 3194; x_wconf 80' lang='grc' dir='ltr'><strong><em>πληρώσουσιν,</em></strong></span> <span class='ocrx_word' id='word_1_276' title='bbox 759 3108 816 3173; x_wconf 85' lang='grc' dir='ltr'><strong><em>καὶ</em></strong></span> <span class='ocrx_word' id='word_1_277' title='bbox 838 3097 859 3191; x_wconf 81' lang='grc' dir='ltr'><em>ἦ</em></span> <span class='ocrx_word' id='word_1_278' title='bbox 882 3100 952 3192; x_wconf 87' lang='grc' dir='ltr'><strong><em>ζωῆ</em></strong></span> <span class='ocrx_word' id='word_1_279' title='bbox 976 3097 1093 3174; x_wconf 80' lang='grc' dir='ltr'><strong><em>αὑτῶν</em></strong></span> <span class='ocrx_word' id='word_1_280' title='bbox 1115 3097 1342 3191; x_wconf 76' lang='grc' dir='ltr'><strong><em>αὐξηθήσεται</em></strong></span> <span class='ocrx_word' id='word_1_281' title='bbox 1363 3105 1400 3173; x_wconf 88' lang='grc' dir='ltr'><strong><em>ἐν</em></strong></span> <span class='ocrx_word' id='word_1_282' title='bbox 1422 3099 1548 3192; x_wconf 87' lang='grc' dir='ltr'><strong><em>εἰρήνη,</em></strong></span> <span class='ocrx_word' id='word_1_283' title='bbox 1575 3108 1632 3172; x_wconf 84' lang='grc' dir='ltr'><strong><em>καλ</em></strong></span> 
     </span>
     <span class='ocr_line' id='line_1_28' title="bbox 323 3197 1631 3292; baseline -0.002 -18"><span class='ocrx_word' id='word_1_284' title='bbox 323 3203 366 3274; x_wconf 85' lang='grc' dir='ltr'><strong><em>τά</em></strong></span> <span class='ocrx_word' id='word_1_285' title='bbox 392 3203 451 3292; x_wconf 88' lang='grc' dir='ltr'><strong><em>ἐτη</em></strong></span> <span class='ocrx_word' id='word_1_286' title='bbox 478 3207 540 3292; x_wconf 90' lang='grc' dir='ltr'><strong><em>τῆς</em></strong></span> <span class='ocrx_word' id='word_1_287' title='bbox 563 3207 669 3292; x_wconf 83' lang='grc' dir='ltr'><strong><em>χαρᾶς</em></strong></span> <span class='ocrx_word' id='word_1_288' title='bbox 692 3199 809 3274; x_wconf 75' lang='grc' dir='ltr'><strong><em>αὐτῶν</em></strong></span> <span class='ocrx_word' id='word_1_289' title='bbox 834 3198 1118 3292; x_wconf 82' lang='grc' dir='ltr'><strong><em>πληθυνθήσεται</em></strong></span> <span class='ocrx_word' id='word_1_290' title='bbox 1145 3205 1183 3272; x_wconf 89' lang='grc' dir='ltr'><strong><em>ἐν</em></strong></span> <span class='ocrx_word' id='word_1_291' title='bbox 1209 3197 1404 3291; x_wconf 81' lang='grc' dir='ltr'><strong><em>ἀγαλλιάσει</em></strong></span> <span class='ocrx_word' id='word_1_292' title='bbox 1431 3207 1487 3273; x_wconf 86' lang='grc' dir='ltr'><strong><em>καὶ</em></strong></span> <span class='ocrx_word' id='word_1_293' title='bbox 1514 3198 1631 3290; x_wconf 85' lang='grc' dir='ltr'><strong><em>εἰρήνη</em></strong></span> 
     </span>
     <span class='ocr_line' id='line_1_29' title="bbox 323 3295 1250 3392; baseline 0 -20"><span class='ocrx_word' id='word_1_294' title='bbox 323 3307 449 3386; x_wconf 80' lang='grc' dir='ltr'><strong><em>αἰῶνος</em></strong></span> <span class='ocrx_word' id='word_1_295' title='bbox 471 3305 509 3372; x_wconf 89' lang='grc' dir='ltr'><strong><em>ἐν</em></strong></span> <span class='ocrx_word' id='word_1_296' title='bbox 529 3297 650 3384; x_wconf 87' lang='grc' dir='ltr'><strong><em>πάσαις</em></strong></span> <span class='ocrx_word' id='word_1_297' title='bbox 672 3318 746 3384; x_wconf 89' lang='grc' dir='ltr'><strong><em>ταῖς</em></strong></span> <span class='ocrx_word' id='word_1_298' title='bbox 768 3297 905 3392; x_wconf 80' lang='grc' dir='ltr'><strong><em>ῆμέραις</em></strong></span> <span class='ocrx_word' id='word_1_299' title='bbox 927 3306 989 3391; x_wconf 83' lang='grc' dir='ltr'><strong><em>τῆς</em></strong></span> <span class='ocrx_word' id='word_1_300' title='bbox 1012 3305 1101 3390; x_wconf 86' lang='grc' dir='ltr'><strong><em>ζωῆς</em></strong></span> <span class='ocrx_word' id='word_1_301' title='bbox 1123 3295 1250 3372; x_wconf 83' lang='grc' dir='ltr'><strong><em>αὑτῶν.</em></strong></span> 
     </span>
     <span class='ocr_line' id='line_1_30' title="bbox 406 3393 1630 3490; baseline -0.002 -20"><span class='ocrx_word' id='word_1_302' title='bbox 406 3405 460 3486; x_wconf 77' lang='grc' dir='ltr'><strong><em>ΡΙ,</em></strong></span> <span class='ocrx_word' id='word_1_303' title='bbox 484 3413 499 3471; x_wconf 93' lang='grc'>1</span> <span class='ocrx_word' id='word_1_304' title='bbox 532 3407 597 3472; x_wconf 80' lang='grc' dir='ltr'><strong><em>Καὶ</em></strong></span> <span class='ocrx_word' id='word_1_305' title='bbox 619 3403 753 3488; x_wconf 84' lang='grc' dir='ltr'><strong><em>ἐγένετο</em></strong></span> <span class='ocrx_word' id='word_1_306' title='bbox 776 3393 863 3472; x_wconf 83' lang='grc' dir='ltr'><strong><em>ὅταν</em></strong></span> <span class='ocrx_word' id='word_1_307' title='bbox 889 3396 1156 3489; x_wconf 79' lang='grc' dir='ltr'><strong><em>ἐπληθύνθησαν</em></strong></span> <span class='ocrx_word' id='word_1_308' title='bbox 1176 3401 1210 3471; x_wconf 91' lang='grc' dir='ltr'><strong><em>οί</em></strong></span> <span class='ocrx_word' id='word_1_309' title='bbox 1231 3403 1297 3471; x_wconf 78' lang='grc' dir='ltr'><strong><em>υἱοί</em></strong></span> <span class='ocrx_word' id='word_1_310' title='bbox 1319 3396 1630 3490; x_wconf 84' lang='grc' dir='ltr'><strong><em>τῶνάνθρώπων,</em></strong></span> 
     </span>
    </p>
   </div>
   <div class='ocr_carea' id='block_1_3' title="bbox 322 3553 1632 3879">
    <p class='ocr_par' dir='ltr' id='par_1_3' title="bbox 322 3553 1632 3879">
     <span class='ocr_line' id='line_1_31' title="bbox 407 3553 1631 3626; baseline -0.002 -16"><span class='ocrx_word' id='word_1_311' title='bbox 407 3555 547 3610; x_wconf 85' lang='lat' dir='ltr'><strong>VI-VIII</strong></span> <span class='ocrx_word' id='word_1_312' title='bbox 568 3555 603 3612; x_wconf 79' lang='lat' dir='ltr'><strong><em>uf.</em></strong></span> <span class='ocrx_word' id='word_1_313' title='bbox 625 3554 751 3610; x_wconf 77' lang='lat' dir='ltr'><strong>Clemens</strong></span> <span class='ocrx_word' id='word_1_314' title='bbox 772 3553 868 3610; x_wconf 88' lang='lat' dir='ltr'><strong>homil.</strong></span> <span class='ocrx_word' id='word_1_315' title='bbox 891 3555 956 3610; x_wconf 83' lang='lat' dir='ltr'><strong>VIII</strong></span> <span class='ocrx_word' id='word_1_316' title='bbox 974 3555 1008 3610; x_wconf 84' lang='lat'><strong><em>12</em></strong></span> <span class='ocrx_word' id='word_1_317' title='bbox 1020 3571 1059 3623; x_wconf 81' lang='lat' dir='ltr'><strong><em>sq.</em></strong></span> <span class='ocrx_word' id='word_1_318' title='bbox 1088 3553 1220 3623; x_wconf 63' lang='lat' dir='ltr'>recognit.</span> <span class='ocrx_word' id='word_1_319' title='bbox 1238 3554 1277 3608; x_wconf 90' lang='lat' dir='ltr'><strong><em>IV</em></strong></span> <span class='ocrx_word' id='word_1_320' title='bbox 1295 3555 1342 3620; x_wconf 85' lang='lat'><strong><em>26,</em></strong></span> <span class='ocrx_word' id='word_1_321' title='bbox 1359 3556 1392 3610; x_wconf 81' lang='lat'><strong><em>27</em></strong></span> <span class='ocrx_word' id='word_1_322' title='bbox 1414 3553 1512 3626; x_wconf 76' lang='lat' dir='ltr'><strong>Pupius</strong></span> <span class='ocrx_word' id='word_1_323' title='bbox 1535 3555 1567 3610; x_wconf 90' lang='lat' dir='ltr'><strong><em>fr.</em></strong></span> <span class='ocrx_word' id='word_1_324' title='bbox 1585 3553 1631 3608; x_wconf 83' lang='lat' dir='ltr'><strong><em>bei</em></strong></span> 
     </span>
     <span class='ocr_line' id='line_1_32' title="bbox 322 3638 1630 3711; baseline -0.002 -15"><span class='ocrx_word' id='word_1_325' title='bbox 322 3640 423 3708; x_wconf 81' lang='lat' dir='ltr'><strong>Routh,</strong></span> <span class='ocrx_word' id='word_1_326' title='bbox 441 3639 502 3695; x_wconf 83' lang='lat' dir='ltr'><strong>rell</strong></span> <span class='ocrx_word' id='word_1_327' title='bbox 529 3655 623 3696; x_wconf 79' lang='grc' dir='ltr'><strong><em>εεοτεε</em></strong></span> <span class='ocrx_word' id='word_1_328' title='bbox 644 3639 658 3694; x_wconf 91' lang='grc' dir='ltr'>Ῑ</span> <span class='ocrx_word' id='word_1_329' title='bbox 679 3657 705 3711; x_wconf 87' lang='lat' dir='ltr'><strong><em>p.</em></strong></span> <span class='ocrx_word' id='word_1_330' title='bbox 722 3642 762 3694; x_wconf 89' lang='lat'><strong><em>14.</em></strong></span> <span class='ocrx_word' id='word_1_331' title='bbox 785 3641 857 3694; x_wconf 77' lang='lat' dir='ltr'>Actu</span> <span class='ocrx_word' id='word_1_332' title='bbox 882 3639 1005 3694; x_wconf 76' lang='lat' dir='ltr'><strong><em>&#39;l&#39;homau</em></strong></span> <span class='ocrx_word' id='word_1_333' title='bbox 1031 3655 1054 3694; x_wconf 88' lang='grc' dir='ltr'><strong><em>ο.</em></strong></span> <span class='ocrx_word' id='word_1_334' title='bbox 1071 3639 1112 3694; x_wconf 81' lang='lat'><strong><em>32.</em></strong></span> <span class='ocrx_word' id='word_1_335' title='bbox 1136 3638 1348 3694; x_wconf 69' lang='lat' dir='ltr'><strong>Commodianus</strong></span> <span class='ocrx_word' id='word_1_336' title='bbox 1365 3639 1444 3694; x_wconf 76' lang='lat' dir='ltr'><strong>Inulr.</strong></span> <span class='ocrx_word' id='word_1_337' title='bbox 1463 3641 1476 3694; x_wconf 97' lang='lat' dir='ltr'><strong>I</strong></span> <span class='ocrx_word' id='word_1_338' title='bbox 1494 3641 1518 3694; x_wconf 87' lang='lat'><strong><em>3.</em></strong></span> <span class='ocrx_word' id='word_1_339' title='bbox 1541 3638 1630 3694; x_wconf 78' lang='lat' dir='ltr'><strong>Julius</strong></span> 
     </span>
     <span class='ocr_line' id='line_1_33' title="bbox 322 3721 1632 3879; baseline 0 -101"><span class='ocrx_word' id='word_1_340' title='bbox 322 3725 467 3879; x_wconf 46' lang='lat' dir='ltr'><strong><em>gffin?</em></strong></span> <span class='ocrx_word' id='word_1_341' title='bbox 467 3741 534 3864; x_wconf 57' lang='lat'><em>631)-</em></span> <span class='ocrx_word' id='word_1_342' title='bbox 536 3724 586 3864; x_wconf 45' lang='lat'><strong><em>1311</em></strong></span> <span class='ocrx_word' id='word_1_343' title='bbox 596 3723 755 3794; x_wconf 72' lang='lat' dir='ltr'><strong>syncellum</strong></span> <span class='ocrx_word' id='word_1_344' title='bbox 770 3742 796 3795; x_wconf 87' lang='lat' dir='ltr'><strong><em>p.</em></strong></span> <span class='ocrx_word' id='word_1_345' title='bbox 809 3725 842 3779; x_wconf 89' lang='grc'><strong><em>19</em></strong></span> <span class='ocrx_word' id='word_1_346' title='bbox 865 3723 946 3790; x_wconf 79' lang='lat' dir='ltr'><strong>Gour,</strong></span> <span class='ocrx_word' id='word_1_347' title='bbox 958 3741 983 3794; x_wconf 87' lang='lat' dir='ltr'><strong><em>p.</em></strong></span> <span class='ocrx_word' id='word_1_348' title='bbox 996 3723 1030 3778; x_wconf 84' lang='lat'><strong><em>34</em></strong></span> <span class='ocrx_word' id='word_1_349' title='bbox 1051 3721 1141 3789; x_wconf 77' lang='lat' dir='ltr'>Dintl,</span> <span class='ocrx_word' id='word_1_350' title='bbox 1159 3721 1318 3777; x_wconf 66' lang='lat' dir='ltr'><strong>Laclantius</strong></span> <span class='ocrx_word' id='word_1_351' title='bbox 1336 3723 1441 3777; x_wconf 72' lang='lat' dir='ltr'><strong>Insun</strong></span> <span class='ocrx_word' id='word_1_352' title='bbox 1455 3727 1495 3778; x_wconf 88' lang='lat'><strong><em>14.</em></strong></span> <span class='ocrx_word' id='word_1_353' title='bbox 1514 3723 1632 3778; x_wconf 79' lang='lat' dir='ltr'><strong>Orucula</strong></span> 
     </span>
    </p>
   </div>
   <div class='ocr_carea' id='block_1_4' title="bbox 318 3934 1632 4690">
    <p class='ocr_par' dir='ltr' id='par_1_4' title="bbox 318 3934 1632 4690">
     <span class='ocr_line' id='line_1_34' title="bbox 407 3934 1632 4016; baseline -0.003 -16"><span class='ocrx_word' id='word_1_354' title='bbox 407 3945 423 4000; x_wconf 93' lang='lat'>1</span> <span class='ocrx_word' id='word_1_355' title='bbox 444 3941 538 3999; x_wconf 72' lang='grc' dir='ltr'><strong><em>αὐτῶν</em></strong></span> <span class='ocrx_word' id='word_1_356' title='bbox 548 3940 585 3999; x_wconf 85' lang='grc' dir='ltr'><strong><em>τὰ</em></strong></span> <span class='ocrx_word' id='word_1_357' title='bbox 598 3937 669 4016; x_wconf 83' lang='grc' dir='ltr'><strong><em>ἐργα</em></strong></span> <span class='ocrx_word' id='word_1_358' title='bbox 681 3954 713 4002; x_wconf 93' lang='grc'>&lt;</span> <span class='ocrx_word' id='word_1_359' title='bbox 726 3947 750 3998; x_wconf 98' lang='lat' dir='ltr'>A</span> <span class='ocrx_word' id='word_1_360' title='bbox 761 3942 861 4013; x_wconf 75' lang='lat' dir='ltr'><strong>tilglc</strong></span> <span class='ocrx_word' id='word_1_361' title='bbox 876 3944 880 4011; x_wconf 94' lang='grc' dir='ltr'>Ι</span> <span class='ocrx_word' id='word_1_362' title='bbox 896 3942 914 3998; x_wconf 78' lang='lat'>2</span> <span class='ocrx_word' id='word_1_363' title='bbox 932 3937 963 3998; x_wconf 84' lang='grc' dir='ltr'><strong><em>αἰ</em></strong></span> <span class='ocrx_word' id='word_1_364' title='bbox 973 3939 1153 3998; x_wconf 71' lang='grc' dir='ltr'><strong><em>θάλασσαίΔ</em></strong></span> <span class='ocrx_word' id='word_1_365' title='bbox 1168 3943 1172 4010; x_wconf 91' lang='grc'>]</span> <span class='ocrx_word' id='word_1_366' title='bbox 1188 3934 1228 4007; x_wconf 78' lang='grc' dir='ltr'><strong><em>ὥς</em></strong></span> <span class='ocrx_word' id='word_1_367' title='bbox 1240 3939 1355 4012; x_wconf 82' lang='grc' dir='ltr'><strong><em>ὁμοίως]</em></strong></span> <span class='ocrx_word' id='word_1_368' title='bbox 1369 3939 1443 4010; x_wconf 75' lang='grc' dir='ltr'><strong><em>ὁμοῦ</em></strong></span> <span class='ocrx_word' id='word_1_369' title='bbox 1454 3943 1479 3996; x_wconf 92' lang='lat' dir='ltr'>A</span> <span class='ocrx_word' id='word_1_370' title='bbox 1495 3945 1500 4008; x_wconf 89' lang='grc' dir='ltr'>Ι</span> <span class='ocrx_word' id='word_1_371' title='bbox 1515 3942 1564 4006; x_wconf 69' lang='grc'><strong><em>814</em></strong></span> <span class='ocrx_word' id='word_1_372' title='bbox 1582 3943 1632 3996; x_wconf 86' lang='grc' dir='ltr'><strong><em>καί</em></strong></span> 
     </span>
     <span class='ocr_line' id='line_1_35' title="bbox 322 4021 1630 4098; baseline -0.002 -14"><span class='ocrx_word' id='word_1_373' title='bbox 322 4027 374 4084; x_wconf 82' lang='grc' dir='ltr'><strong><em>οὑκ</em></strong></span> <span class='ocrx_word' id='word_1_374' title='bbox 386 4057 419 4069; x_wconf 92' lang='grc'><strong>-</strong></span> <span class='ocrx_word' id='word_1_375' title='bbox 431 4026 520 4085; x_wconf 74' lang='grc' dir='ltr'><strong><em>αὑτοῦ</em></strong></span> <span class='ocrx_word' id='word_1_376' title='bbox 536 4037 570 4087; x_wconf 94' lang='grc'>&lt;</span> <span class='ocrx_word' id='word_1_377' title='bbox 581 4030 606 4082; x_wconf 94' lang='lat' dir='ltr'>A</span> <span class='ocrx_word' id='word_1_378' title='bbox 621 4029 625 4096; x_wconf 90' lang='grc' dir='ltr'>Ι</span> <span class='ocrx_word' id='word_1_379' title='bbox 639 4027 657 4082; x_wconf 81' lang='lat'>4</span> <span class='ocrx_word' id='word_1_380' title='bbox 669 4045 704 4082; x_wconf 90' lang='grc' dir='ltr'><strong><em>οκ</em></strong></span> <span class='ocrx_word' id='word_1_381' title='bbox 718 4028 723 4095; x_wconf 82' lang='lat' dir='ltr'><strong>l</strong></span> <span class='ocrx_word' id='word_1_382' title='bbox 738 4028 785 4094; x_wconf 74' lang='grc'><strong><em>617</em></strong></span> <span class='ocrx_word' id='word_1_383' title='bbox 806 4021 850 4083; x_wconf 75' lang='grc' dir='ltr'><strong><em>ὅτι</em></strong></span> <span class='ocrx_word' id='word_1_384' title='bbox 863 4057 895 4067; x_wconf 97' lang='grc'>-</span> <span class='ocrx_word' id='word_1_385' title='bbox 911 4021 991 4095; x_wconf 82' lang='grc' dir='ltr'><strong><em>ὑμῶν</em></strong></span> <span class='ocrx_word' id='word_1_386' title='bbox 1008 4035 1041 4086; x_wconf 97' lang='grc'>&lt;</span> <span class='ocrx_word' id='word_1_387' title='bbox 1053 4029 1078 4081; x_wconf 94' lang='lat' dir='ltr'>A</span> <span class='ocrx_word' id='word_1_388' title='bbox 1092 4028 1097 4094; x_wconf 91' lang='grc' dir='ltr'>Ι</span> <span class='ocrx_word' id='word_1_389' title='bbox 1111 4027 1129 4082; x_wconf 83' lang='grc'><strong>8</strong></span> <span class='ocrx_word' id='word_1_390' title='bbox 1145 4029 1364 4096; x_wconf 87' lang='grc' dir='ltr'><strong><em>κατηρασασθαι</em></strong></span> <span class='ocrx_word' id='word_1_391' title='bbox 1380 4025 1411 4095; x_wconf 88' lang='grc' dir='ltr'><strong><em>Ρ]</em></strong></span> <span class='ocrx_word' id='word_1_392' title='bbox 1429 4024 1630 4098; x_wconf 85' lang='grc' dir='ltr'><strong><em>καταράσεσθε</em></strong></span> 
     </span>
     <span class='ocr_line' id='line_1_36' title="bbox 321 4105 1632 4182; baseline -0.003 -14"><span class='ocrx_word' id='word_1_393' title='bbox 321 4113 368 4168; x_wconf 83' lang='lat' dir='ltr'><strong><em>Dc</em></strong></span> <span class='ocrx_word' id='word_1_394' title='bbox 383 4115 387 4181; x_wconf 94' lang='grc' dir='ltr'>Ι</span> <span class='ocrx_word' id='word_1_395' title='bbox 402 4113 451 4169; x_wconf 85' lang='grc' dir='ltr'><strong><em>καί</em></strong></span> <span class='ocrx_word' id='word_1_396' title='bbox 468 4111 503 4169; x_wconf 86' lang='grc' dir='ltr'><strong><em>τά</em></strong></span> <span class='ocrx_word' id='word_1_397' title='bbox 521 4105 569 4182; x_wconf 81' lang='grc' dir='ltr'><strong><em>ἐτη</em></strong></span> <span class='ocrx_word' id='word_1_398' title='bbox 581 4111 615 4182; x_wconf 84' lang='grc'>1)]</span> <span class='ocrx_word' id='word_1_399' title='bbox 633 4130 708 4168; x_wconf 91' lang='grc' dir='ltr'><strong><em>κατα</em></strong></span> <span class='ocrx_word' id='word_1_400' title='bbox 723 4113 727 4180; x_wconf 94' lang='grc' dir='ltr'>Ι</span> <span class='ocrx_word' id='word_1_401' title='bbox 743 4111 762 4167; x_wconf 79' lang='grc' dir='ltr'><strong><em>θ</em></strong></span> <span class='ocrx_word' id='word_1_402' title='bbox 776 4115 909 4168; x_wconf 87' lang='grc' dir='ltr'><strong><em>απολιται</em></strong></span> <span class='ocrx_word' id='word_1_403' title='bbox 922 4110 953 4181; x_wconf 95' lang='grc' dir='ltr'><strong><em>Ρ]</em></strong></span> <span class='ocrx_word' id='word_1_404' title='bbox 972 4107 1105 4167; x_wconf 82' lang='grc' dir='ltr'><strong><em>ἀπολεῖτε</em></strong></span> <span class='ocrx_word' id='word_1_405' title='bbox 1119 4111 1139 4166; x_wconf 85' lang='lat' dir='ltr'>G</span> <span class='ocrx_word' id='word_1_406' title='bbox 1154 4111 1159 4179; x_wconf 93' lang='grc'>1</span> <span class='ocrx_word' id='word_1_407' title='bbox 1174 4108 1208 4167; x_wconf 84' lang='grc' dir='ltr'><strong><em>τά</em></strong></span> <span class='ocrx_word' id='word_1_408' title='bbox 1227 4105 1275 4180; x_wconf 85' lang='grc' dir='ltr'><strong><em>ἐτη</em></strong></span> <span class='ocrx_word' id='word_1_409' title='bbox 1288 4139 1320 4150; x_wconf 97' lang='grc'>-</span> <span class='ocrx_word' id='word_1_410' title='bbox 1333 4105 1413 4178; x_wconf 82' lang='grc' dir='ltr'><strong><em>ὑμῶν</em></strong></span> <span class='ocrx_word' id='word_1_411' title='bbox 1425 4121 1457 4169; x_wconf 93' lang='grc'>&lt;</span> <span class='ocrx_word' id='word_1_412' title='bbox 1470 4112 1495 4165; x_wconf 92' lang='lat' dir='ltr'>A</span> <span class='ocrx_word' id='word_1_413' title='bbox 1510 4113 1514 4176; x_wconf 96' lang='grc' dir='ltr'>Ι</span> <span class='ocrx_word' id='word_1_414' title='bbox 1531 4109 1570 4166; x_wconf 81' lang='lat'><strong><em>1⁰</em></strong></span> <span class='ocrx_word' id='word_1_415' title='bbox 1582 4111 1632 4165; x_wconf 86' lang='grc' dir='ltr'><strong><em>καί</em></strong></span> 
     </span>
     <span class='ocr_line' id='line_1_37' title="bbox 321 4192 1630 4268; baseline -0.005 -14"><span class='ocrx_word' id='word_1_416' title='bbox 321 4195 417 4268; x_wconf 74' lang='grc' dir='ltr'><strong><em>εἰρήνη</em></strong></span> <span class='ocrx_word' id='word_1_417' title='bbox 436 4208 468 4258; x_wconf 94' lang='grc'>&lt;</span> <span class='ocrx_word' id='word_1_418' title='bbox 479 4198 505 4251; x_wconf 98' lang='lat' dir='ltr'>A</span> <span class='ocrx_word' id='word_1_419' title='bbox 519 4197 525 4267; x_wconf 89' lang='grc' dir='ltr'>Ι</span> <span class='ocrx_word' id='word_1_420' title='bbox 540 4197 652 4252; x_wconf 73' lang='grc'>18-17</span> <span class='ocrx_word' id='word_1_421' title='bbox 671 4197 766 4252; x_wconf 82' lang='grc' dir='ltr'><strong><em>καί-</em></strong></span> <span class='ocrx_word' id='word_1_422' title='bbox 777 4193 890 4266; x_wconf 86' lang='grc' dir='ltr'><strong><em>κατάρα</em></strong></span> <span class='ocrx_word' id='word_1_423' title='bbox 908 4195 976 4266; x_wconf 73' lang='lat' dir='ltr'><strong>lilgt</strong></span> <span class='ocrx_word' id='word_1_424' title='bbox 993 4196 1037 4263; x_wconf 89' lang='grc'>1)]</span> <span class='ocrx_word' id='word_1_425' title='bbox 1054 4197 1090 4252; x_wconf 75' lang='grc'>18</span> <span class='ocrx_word' id='word_1_426' title='bbox 1108 4192 1250 4266; x_wconf 82' lang='grc' dir='ltr'><strong><em>ἀμίαντοι]</em></strong></span> <span class='ocrx_word' id='word_1_427' title='bbox 1270 4199 1385 4264; x_wconf 72' lang='grc' dir='ltr'><strong><em>αμαΙτοι</em></strong></span> <span class='ocrx_word' id='word_1_428' title='bbox 1402 4195 1441 4248; x_wconf 88' lang='lat' dir='ltr'><strong><em>im</em></strong></span> <span class='ocrx_word' id='word_1_429' title='bbox 1459 4193 1630 4249; x_wconf 80' lang='lat' dir='ltr'><strong>Zeilenllber-</strong></span> 
     </span>
     <span class='ocr_line' id='line_1_38' title="bbox 321 4275 1630 4354; baseline -0.004 -18"><span class='ocrx_word' id='word_1_430' title='bbox 321 4299 396 4353; x_wconf 71' lang='lat' dir='ltr'><strong>gaug</strong></span> <span class='ocrx_word' id='word_1_431' title='bbox 414 4279 444 4349; x_wconf 90' lang='lat' dir='ltr'><strong><em>P,</em></strong></span> <span class='ocrx_word' id='word_1_432' title='bbox 461 4281 541 4338; x_wconf 80' lang='lat' dir='ltr'><strong>nichl</strong></span> <span class='ocrx_word' id='word_1_433' title='bbox 558 4298 725 4354; x_wconf 88' lang='grc' dir='ltr'><strong><em>αμαρτητοι,</em></strong></span> <span class='ocrx_word' id='word_1_434' title='bbox 743 4277 941 4354; x_wconf 82' lang='grc' dir='ltr'><strong><em>ἀναμάρτητοι</em></strong></span> <span class='ocrx_word' id='word_1_435' title='bbox 959 4281 991 4348; x_wconf 88' lang='lat' dir='ltr'><strong><em>D,</em></strong></span> <span class='ocrx_word' id='word_1_436' title='bbox 1013 4279 1135 4350; x_wconf 82' lang='lat' dir='ltr'><strong>mllglich</strong></span> <span class='ocrx_word' id='word_1_437' title='bbox 1152 4283 1226 4335; x_wconf 66' lang='grc' dir='ltr'><strong><em>πετο</em></strong></span> <span class='ocrx_word' id='word_1_438' title='bbox 1243 4275 1389 4348; x_wconf 86' lang='grc' dir='ltr'><strong><em>ἀμάθητοι</em></strong></span> <span class='ocrx_word' id='word_1_439' title='bbox 1404 4281 1408 4348; x_wconf 94' lang='grc' dir='ltr'>Ι</span> <span class='ocrx_word' id='word_1_440' title='bbox 1425 4281 1630 4335; x_wconf 78' lang='grc' dir='ltr'><strong><em>1λκαταλυσιν</em></strong></span> 
     </span>
     <span class='ocr_line' id='line_1_39' title="bbox 319 4360 1630 4438; baseline -0.004 -17"><span class='ocrx_word' id='word_1_441' title='bbox 319 4385 450 4438; x_wconf 90' lang='grc' dir='ltr'><strong><em>καταραν</em></strong></span> <span class='ocrx_word' id='word_1_442' title='bbox 467 4366 500 4435; x_wconf 89' lang='lat' dir='ltr'><strong><em>P]</em></strong></span> <span class='ocrx_word' id='word_1_443' title='bbox 519 4365 593 4422; x_wconf 83' lang='lat' dir='ltr'>verb.</span> <span class='ocrx_word' id='word_1_444' title='bbox 611 4365 635 4420; x_wconf 93' lang='lat' dir='ltr'>D</span> <span class='ocrx_word' id='word_1_445' title='bbox 659 4367 664 4429; x_wconf 93' lang='grc' dir='ltr'>Ι</span> <span class='ocrx_word' id='word_1_446' title='bbox 686 4363 762 4438; x_wconf 83' lang='grc' dir='ltr'><strong><em>χαρὰ</em></strong></span> <span class='ocrx_word' id='word_1_447' title='bbox 775 4368 800 4420; x_wconf 94' lang='lat' dir='ltr'>A</span> <span class='ocrx_word' id='word_1_448' title='bbox 823 4365 828 4433; x_wconf 93' lang='grc' dir='ltr'>Ι</span> <span class='ocrx_word' id='word_1_449' title='bbox 853 4364 943 4432; x_wconf 67' lang='lat' dir='ltr'><strong><em>lum)</em></strong></span> <span class='ocrx_word' id='word_1_450' title='bbox 956 4371 1017 4434; x_wconf 85' lang='grc' dir='ltr'><strong><em>φῶς</em></strong></span> <span class='ocrx_word' id='word_1_451' title='bbox 1037 4395 1069 4405; x_wconf 97' lang='grc'>-</span> <span class='ocrx_word' id='word_1_452' title='bbox 1090 4361 1234 4430; x_wconf 85' lang='grc' dir='ltr'><strong><em>ἐκλεκτοῖς</em></strong></span> <span class='ocrx_word' id='word_1_453' title='bbox 1251 4362 1318 4434; x_wconf 72' lang='lat' dir='ltr'><strong>tilgt</strong></span> <span class='ocrx_word' id='word_1_454' title='bbox 1334 4363 1359 4418; x_wconf 91' lang='lat' dir='ltr'>D</span> <span class='ocrx_word' id='word_1_455' title='bbox 1382 4365 1387 4431; x_wconf 93' lang='grc' dir='ltr'>Ι</span> <span class='ocrx_word' id='word_1_456' title='bbox 1416 4363 1453 4418; x_wconf 76' lang='lat'><strong><em>21</em></strong></span> <span class='ocrx_word' id='word_1_457' title='bbox 1475 4379 1579 4432; x_wconf 87' lang='grc' dir='ltr'><strong><em>σοφιαν</em></strong></span> <span class='ocrx_word' id='word_1_458' title='bbox 1597 4360 1630 4432; x_wconf 91' lang='grc' dir='ltr'><strong><em>Ρ]</em></strong></span> 
     </span>
     <span class='ocr_line' id='line_1_40' title="bbox 319 4440 1630 4520; baseline -0.002 -15"><span class='ocrx_word' id='word_1_459' title='bbox 319 4449 394 4505; x_wconf 77' lang='lat' dir='ltr'>verb.</span> <span class='ocrx_word' id='word_1_460' title='bbox 413 4451 437 4504; x_wconf 93' lang='lat' dir='ltr'>D</span> <span class='ocrx_word' id='word_1_461' title='bbox 461 4453 466 4518; x_wconf 91' lang='grc' dir='ltr'>Ι</span> <span class='ocrx_word' id='word_1_462' title='bbox 489 4451 528 4505; x_wconf 74' lang='grc'><strong><em>22</em></strong></span> <span class='ocrx_word' id='word_1_463' title='bbox 547 4453 740 4518; x_wconf 87' lang='grc' dir='ltr'><strong><em>καταληθειαν</em></strong></span> <span class='ocrx_word' id='word_1_464' title='bbox 757 4448 789 4520; x_wconf 92' lang='grc' dir='ltr'><strong><em>Ρ]</em></strong></span> <span class='ocrx_word' id='word_1_465' title='bbox 813 4450 887 4506; x_wconf 80' lang='lat' dir='ltr'>verb.</span> <span class='ocrx_word' id='word_1_466' title='bbox 906 4451 930 4506; x_wconf 90' lang='lat' dir='ltr'>D</span> <span class='ocrx_word' id='word_1_467' title='bbox 952 4440 1016 4506; x_wconf 83' lang='grc' dir='ltr'><strong><em>κατ’</em></strong></span> <span class='ocrx_word' id='word_1_468' title='bbox 1033 4444 1153 4520; x_wconf 71' lang='grc' dir='ltr'><strong><em>ἄγνοιαν</em></strong></span> <span class='ocrx_word' id='word_1_469' title='bbox 1171 4447 1359 4516; x_wconf 79' lang='lat' dir='ltr'><strong>Wellhuuson,</strong></span> <span class='ocrx_word' id='word_1_470' title='bbox 1380 4447 1456 4502; x_wconf 78' lang='lat' dir='ltr'><strong>viell.</strong></span> <span class='ocrx_word' id='word_1_471' title='bbox 1478 4440 1541 4502; x_wconf 82' lang='grc' dir='ltr'><strong><em>κατ’</em></strong></span> <span class='ocrx_word' id='word_1_472' title='bbox 1558 4443 1630 4514; x_wconf 79' lang='grc' dir='ltr'><strong><em>ἁμά·</em></strong></span> 
     </span>
     <span class='ocr_line' id='line_1_41' title="bbox 319 4525 1630 4609; baseline -0.002 -21"><span class='ocrx_word' id='word_1_473' title='bbox 319 4537 404 4590; x_wconf 86' lang='grc' dir='ltr'><strong><em>θειαν</em></strong></span> <span class='ocrx_word' id='word_1_474' title='bbox 418 4535 422 4602; x_wconf 89' lang='grc' dir='ltr'>Ι</span> <span class='ocrx_word' id='word_1_475' title='bbox 439 4535 528 4602; x_wconf 64' lang='lat' dir='ltr'><strong><em>mu</em></strong></span> <span class='ocrx_word' id='word_1_476' title='bbox 547 4531 740 4609; x_wconf 81' lang='grc' dir='ltr'><strong><em>ἀνθρώπῳ-</em></strong></span> <span class='ocrx_word' id='word_1_477' title='bbox 754 4540 815 4605; x_wconf 86' lang='grc' dir='ltr'><strong><em>φῶς</em></strong></span> <span class='ocrx_word' id='word_1_478' title='bbox 825 4538 874 4591; x_wconf 84' lang='grc' dir='ltr'><strong><em>καί</em></strong></span> <span class='ocrx_word' id='word_1_479' title='bbox 886 4545 918 4593; x_wconf 94' lang='grc'>&lt;</span> <span class='ocrx_word' id='word_1_480' title='bbox 931 4537 956 4589; x_wconf 93' lang='lat' dir='ltr'>A</span> <span class='ocrx_word' id='word_1_481' title='bbox 971 4536 975 4603; x_wconf 96' lang='grc' dir='ltr'>Ι</span> <span class='ocrx_word' id='word_1_482' title='bbox 991 4534 1031 4590; x_wconf 70' lang='lat'><strong><em>28</em></strong></span> <span class='ocrx_word' id='word_1_483' title='bbox 1043 4533 1147 4604; x_wconf 78' lang='grc' dir='ltr'><strong><em>νόημα]</em></strong></span> <span class='ocrx_word' id='word_1_484' title='bbox 1159 4531 1294 4588; x_wconf 84' lang='grc' dir='ltr'><strong><em>ταπεινὸν</em></strong></span> <span class='ocrx_word' id='word_1_485' title='bbox 1306 4531 1401 4601; x_wconf 84' lang='grc' dir='ltr'><strong><em>νόημα</em></strong></span> <span class='ocrx_word' id='word_1_486' title='bbox 1410 4530 1456 4586; x_wconf 84' lang='lat' dir='ltr'><strong><em>A‘l</em></strong></span> <span class='ocrx_word' id='word_1_487' title='bbox 1471 4532 1475 4599; x_wconf 85' lang='grc' dir='ltr'>Ι</span> <span class='ocrx_word' id='word_1_488' title='bbox 1490 4531 1527 4586; x_wconf 72' lang='lat'><strong><em>24</em></strong></span> <span class='ocrx_word' id='word_1_489' title='bbox 1540 4525 1630 4601; x_wconf 87' lang='grc' dir='ltr'><strong><em>άμάρ·</em></strong></span> 
     </span>
     <span class='ocr_line' id='line_1_42' title="bbox 318 4611 1440 4690; baseline -0.004 -16"><span class='ocrx_word' id='word_1_490' title='bbox 318 4618 414 4688; x_wconf 87' lang='grc' dir='ltr'><strong><em>τοισιν]</em></strong></span> <span class='ocrx_word' id='word_1_491' title='bbox 432 4619 511 4688; x_wconf 81' lang='grc' dir='ltr'><strong><em>δίκην</em></strong></span> <span class='ocrx_word' id='word_1_492' title='bbox 528 4621 612 4675; x_wconf 76' lang='grc' dir='ltr'><strong><em>δῶσιν</em></strong></span> <span class='ocrx_word' id='word_1_493' title='bbox 624 4624 649 4674; x_wconf 88' lang='lat' dir='ltr'>A</span> <span class='ocrx_word' id='word_1_494' title='bbox 664 4620 669 4688; x_wconf 83' lang='grc' dir='ltr'>Ι</span> <span class='ocrx_word' id='word_1_495' title='bbox 684 4618 725 4676; x_wconf 73' lang='lat'><strong><em>25</em></strong></span> <span class='ocrx_word' id='word_1_496' title='bbox 744 4615 848 4690; x_wconf 82' lang='grc' dir='ltr'><strong><em>αὑτῶν]</em></strong></span> <span class='ocrx_word' id='word_1_497' title='bbox 867 4625 924 4676; x_wconf 84' lang='grc' dir='ltr'><strong><em>τῶν</em></strong></span> <span class='ocrx_word' id='word_1_498' title='bbox 941 4625 991 4687; x_wconf 85' lang='grc' dir='ltr'><strong><em>τῆς</em></strong></span> <span class='ocrx_word' id='word_1_499' title='bbox 1009 4618 1052 4688; x_wconf 86' lang='grc'>1)]</span> <span class='ocrx_word' id='word_1_500' title='bbox 1068 4619 1106 4674; x_wconf 75' lang='grc'><strong><em>29</em></strong></span> <span class='ocrx_word' id='word_1_501' title='bbox 1123 4613 1202 4687; x_wconf 73' lang='grc' dir='ltr'><strong><em>ὅταν]</em></strong></span> <span class='ocrx_word' id='word_1_502' title='bbox 1222 4635 1292 4674; x_wconf 87' lang='grc' dir='ltr'><strong><em>ουαν</em></strong></span> <span class='ocrx_word' id='word_1_503' title='bbox 1308 4616 1331 4670; x_wconf 91' lang='grc' dir='ltr'>Ρ</span> <span class='ocrx_word' id='word_1_504' title='bbox 1349 4611 1397 4673; x_wconf 78' lang='grc' dir='ltr'><strong><em>ὑτε</em></strong></span> <span class='ocrx_word' id='word_1_505' title='bbox 1415 4617 1440 4670; x_wconf 92' lang='lat' dir='ltr'>D</span> 
     </span>
    </p>
   </div>
   <div class='ocr_carea' id='block_1_5' title="bbox 0 0 1864 5544">
    <p class='ocr_par' dir='ltr' id='par_1_5' title="bbox 0 0 1864 5544">
     <span class='ocr_line' id='line_1_43' title="bbox 0 0 1864 5544; baseline 0 0"><span class='ocrx_word' id='word_1_506' title='bbox 0 0 1864 5544; x_wconf 95' lang='lat' dir='ltr'><strong><em> </em></strong></span> 
     </span>
    </p>
   </div>
  </div>
 </body>
</html>
