3706 5544
315 487 353 549 54
877 476 1093 533 Buchflenoeh.

311 637 440 732 μάτων.
476 645 547 712 ἐκεῖ
575 635 665 728 δήσει
696 634 821 721 αύτούς
849 646 961 730 μέχρις
991 645 1125 723 αἰῶνος.
1178 651 1215 713 12
1243 646 1300 711 καί
1326 631 1428 724 οὗτος
1450 643 1619 731 ἐχωρίσθη

311 759 385 824 τοῖς
415 739 601 829 πνεύμασιν
630 745 704 810 τῶν
730 738 1025 828 ἐντυγχανόντων,
1055 742 1177 822 οἵτινες
1199 743 1438 829 ἐμφανίζουσιν
1460 746 1536 829 περὶ
1558 745 1620 829 τῆς

313 835 493 924 ἀπωλείας,
516 833 601 912 όταν
615 843 836 926 φονεοθῶσιν
850 843 889 910 ἐν
903 857 977 923 ταῖς
996 836 1132 930 ἡμέραις
1151 845 1226 911 τῶν
1249 835 1474 929 ἁμαρτωλῶν.
1512 849 1550 912 13
1564 847 1619 910 καί

313 931 415 1022 οὗτος
430 943 571 1029 ἐκτίσθη
585 955 659 1021 τοῖς
673 936 858 1027 πνεύμασιν
873 945 946 1011 τῶν
960 934 1171 1028 ἀνθρώπων,
1188 932 1262 1011 ὅσοι
1284 935 1346 1012 ούκ
1368 942 1503 1011 ἔσονται
1523 933 1619 1024 ὅσιοι,

278 1034 387 1112 σάλλ’
404 1033 600 1128 ἁμαρτωλοὶ
622 1031 718 1126 [ὅσοι]
739 1035 864 1123 άσεβεῖς
884 1045 941 1109 καὶ
954 1038 1039 1128 μετὰ
1058 1045 1133 1110 τῶν
1154 1034 1295 1129 άνόμων
1321 1041 1455 1110 ἔσονται
1476 1045 1620 1126 μέτοχοι

314 1137 358 1211 τά
372 1143 408 1210 δὲ
422 1136 598 1226 πνεύματα
614 1132 682 1226 [ότι
696 1141 729 1210 σί
750 1134 875 1209 ἐνθάδε
896 1145 1073 1224 θλιβέντες
1095 1143 1243 1212 ἔλαττον
1262 1136 1480 1226 κολάζονται]
1504 1134 1621 1210 αύτῶν

314 1234 355 1312 ού
385 1235 685 1329 τιμωρηθὴσονται
715 1242 753 1310 ἐν
784 1233 889 1330 ἡμέρᾳ
919 1244 982 1329 τῆς
1010 1246 1165 1328 κρίσεως,
1198 1235 1276 1310 ούδέ
1301 1238 1346 1330 μὴ
1373 1245 1621 1329 μετεγερθῶσιν

313 1341 484 1410 ἐντεῦθεν.
533 1350 572 1410 14
593 1335 674 1411 τότε
700 1333 873 1428 ηύλόγησα
898 1337 962 1410 τόν
987 1336 1105 1428 κύριον
1132 1345 1196 1428 τῆς
1216 1336 1317 1427 δόξης
1337 1345 1394 1410 καί
1415 1337 1505 1409 είπα·
1528 1333 1620 1410 εύλσ-

313 1435 418 1526 ηητός
438 1437 476 1522 εί,
499 1435 601 1528 κύριε,
624 1432 643 1510 ό
665 1443 727 1528 τῆς
748 1436 961 1528 δικαιοσύνης
982 1437 1147 1526 κυριεύων
1168 1443 1232 1510 τοῦ
1255 1441 1386 1521 αίῶνος.

265 1563 298 1619 10
397 1541 510 1624 ΧΧΠΙ,
534 1550 550 1609 1
575 1533 744 1610 Κάκεῖθεν
764 1537 938 1626 ἐφωδευσα
959 1542 1005 1620 είς
1027 1537 1135 1610 ἄλλον
1161 1535 1273 1610 τόπον
1294 1535 1382 1626 πρὸς
1403 1534 1526 1625 δυσμάς
1547 1540 1622 1606 τῶν

314 1634 475 1724 κεράτων
505 1642 566 1728 τῆς
595 1642 663 1727 γῆς.
719 1649 738 1710 2
764 1644 821 1710 καὶ
850 1636 1042 1728 ἐθεασάμην
1073 1643 1141 1726 πῦρ
1172 1641 1351 1726 διατρέχον
1379 1643 1436 1708 καὶ
1457 1632 1520 1708 ούκ
1541 1631 1621 1707 άνα-

316 1735 509 1828 παυόμενον
538 1733 617 1809 ούδέ
648 1741 806 1809 ἐλλεῖπον
836 1745 900 1810 τοῦ
926 1735 1053 1830 δρόμου
1074 1733 1198 1826 ἡμέρας
1218 1743 1276 1808 καὶ
1297 1733 1422 1818 νυκτὸς
1442 1730 1530 1808 ἇλλά
1552 1740 1622 1808 δια·

316 1841 427 1926 μένον.
463 1844 551 1910 3καί
566 1832 725 1927 ἠρώτησα
741 1841 863 1925 λέγων·
881 1842 914 1906 τί
936 1834 1089 1908 ἐστιντὸ
1110 1835 1156 1928 μὴ
1177 1837 1255 1925 ἐχον
1276 1831 1480 1921 άνάπαυσιν;
1500 1848 1520 1907 4
1542 1831 1623 1907 τότε

316 1931 486 2027 ἀπεκρίθη
510 1964 568 2025 μοι
587 1931 760 2027 Ῥαγουήλ,
789 1931 807 2008 ὁ
830 1936 877 2019 είς
898 1942 972 2008 τῶν
994 1933 1103 2026 άγίων
1124 1932 1289 2026 άγγέλων,
1313 1929 1351 2017 ὃς
1371 1929 1443 2024 μετ’
1465 1938 1547 2021 ἐμοῦ
1567 1926 1622 2024 ἦν·

266 2051 298 2106 15
317 2027 420 2118 οὗτος
448 2030 467 2108 ό
498 2033 621 2126 δρόμος
648 2041 711 2109 τοῦ
737 2033 844 2124 πυρὸς
869 2035 910 2108 τὸ
937 2032 1023 2124 πρός
1045 2034 1169 2124 δυσμάς
1190 2041 1258 2126 πῦρ
1280 2034 1322 2108 τό
1344 2031 1510 2106 ἐκδιῶκόν
1531 2038 1623 2105 ἐστιν

316 2131 449 2218 πάντας
470 2134 551 2219 τούς
572 2141 757 2226 φωστῆρας
778 2141 842 2206 τοῦ
863 2130 1019 2224 ούρανοῦ.

400 2239 553 2319 XXIV‚1
584 2242 641 2305 καί
662 2238 786 2322 ἔδειξέν
811 2262 868 2325 μοι
890 2228 952 2326 ὄρη
973 2233 1080 2324 πυρὸς
1100 2234 1264 2326 καιόμενα
1286 2263 1306 2298 κ
1329 2263 1348 2298 ν
1370 2261 1389 2298 ι
1412 2263 1431 2298 ν
1453 2259 1472 2294 ν
1493 2228 1624 2316 νυκτός.

317 2339 405 2406 2καὶ
427 2338 580 2406 ἐπέκεινα
610 2331 728 2408 αύτῶν
757 2333 951 2425 ἐπορεύθην
979 2340 1035 2406 καί
1067 2333 1258 2426 ἐθεασάμην
1289 2335 1376 2410 ἑπτά
1407 2331 1469 2426 ὅρη
1505 2336 1624 2417 ἔνδοξα

317 2430 440 2519 πάντα,
463 2430 604 2523 ἑκάτερα
626 2439 689 2506 τοῦ
715 2433 874 2524 ἑκατέρου
895 2432 1151 2522 διαλλάσσοντα,
1180 2427 1233 2507 σόν
1256 2440 1289 2509 σί
1304 2443 1398 2510 λίθοι
1425 2439 1555 2521 ἐντιμοι
1581 2437 1624 2519 τῇ

266 2547 302 2603 20
317 2540 477 2622 καλλονῇ,
507 2540 564 2604 καί
593 2529 709 2606 πάντα
731 2537 848 2624 ἐντιμα
868 2541 925 2606 καὶ
946 2537 1065 2622 ἔνδοξα
1085 2542 1142 2608 καὶ
1163 2531 1282 2624 εύειδῆ,
1306 2541 1400 2626 (τρία
1421 2530 1523 2622 πρὸς)
1546 2527 1624 2603 άνα·

319 2631 424 2718 τολάς
438 2637 659 2724 ἐστηριγμένα
681 2637 784 2725 ἐντῷ
802 2635 860 2720 ἐνί,
883 2640 939 2705 καὶ
960 2643 1037 2724 τρία
1059 2638 1113 2706 ἐπὶ
1135 2631 1240 2707 νότον
1262 2638 1298 2707 ἐν
1313 2641 1364 2726 τῷ
1388 2637 1443 2706 ἐνί.
1484 2637 1541 2703 καὶ
1563 2624 1626 2718 φά-

319 2761 438 2824 ραγγες
467 2742 600 2819 βαθεῖαι
627 2741 683 2806 καί
706 2752 864 2824 τραχεῖαι,
894 2741 953 2824 μία
981 2742 1025 2824 τῇ
1054 2741 1112 2828 μιᾷ
1139 2731 1202 2807 ούκ
1228 2739 1423 2824 ἐγγίςοοσαι.
1476 2737 1562 2807 3καὶ
1583 2726 1625 2802 τό

321 2839 396 2922 [opt]
420 2835 563 2924 ἕβδομον
586 2825 666 2924 ὅρος
687 2830 754 2906 άνά
774 2835 877 2924 μέσον
897 2832 1112 2906 τούτωνκαὶ
1133 2829 1306 2924 ύπερεῖχεν
1329 2841 1380 2925 τῷ
1401 2827 1483 2924 ύψει
1505 2825 1626 2922 ὅμοιον

319 2939 470 3024 καθέδρᾳ
499 2931 640 3023 θρόνου,
670 2941 726 3006 καί
747 2933 969 3023 περιεκύκλου
994 2938 1116 3021 δένδρα
1143 2930 1228 3007 αύτό
1251 2931 1372 3025 εύιόδη.
1414 2940 1504 3006 ἐκαὶ
1524 2923 1568 3020 ἦν
1588 2933 1625 3001 ἐν

270 3045 304 3100 25
320 3028 438 3115 αύτοῖς
452 3026 634 3122 δένδρον,ό
650 3030 814 3107 σύδέποτε
829 3031 1031 3124 άσφρανμαι
1044 3039 1100 3103 καὶ
1116 3029 1224 3117 ούδεὶς
1241 3036 1355 3124 ἐτερος
1366 3030 1460 3124 αύτῷ
1475 3025 1624 3122 ηύφράν·

322 3140 370 3222 θη
392 3139 449 3203 καί
470 3127 569 3204 ούδέν
589 3135 706 3222 ἕτερον
729 3127 849 3222 ὅμοιον
865 3129 968 3224 αύτῷ.
1001 3128 1107 3223 ὀσμὴν
1131 3135 1217 3222 είχεν
1238 3129 1468 3222 εὐωδεστέραν
1481 3128 1626 3204 πάντων

320 3226 516 3322 άρωμάτων
530 3239 586 3304 καί
602 3232 644 3303 τά
659 3231 770 3320 φύλλα
785 3229 890 3304 αὐτοῦ
910 3231 1022 3305 καὶτὸ
1045 3232 1164 3318 ἄνθος,
1179 3239 1237 3304 καὶ
1252 3232 1293 3305 τό
1309 3228 1500 3320 δίνδρονού
1510 3237 1626 3319 φθίνει

321 3335 369 3414 είς
390 3333 454 3403 τὸν
476 3337 592 3404 αἰῶνα.
620 3336 672 3404 *oi
694 3337 730 3404 δέ
745 3339 821 3422 περί
836 3332 900 3406 τόν
919 3329 1052 3421 καρπὸν
1074 3329 1154 3404 ὦσεὶ
1168 3328 1309 3422 βότρυες
1324 3339 1503 3420 φοινίκων.
1532 3325 1626 3405 ἐτό-

410 4133 500 4223 xx'w
518 4167 571 4234 3‚4
589 4166 734 4240 ειςεεεαο
753 4167 904 4239 Perpennae
921 4167 988 4224 xm
1005 4186 1031 4240 p.
1049 4169 1084 4224 82
1102 4187 1141 4238 sq.

413 4318 429 4373 1
450 4307 598 4383 οθωεεμ
609 4317 677 4373 σοι.
694 4319 698 4386 ι
713 4317 733 4373 4
751 4307 843 4383 οὕτως
854 4318 901 4373 ΡΑ
918 4317 987 4374 σεε.
1002 4319 1041 4386 ιε
1055 4308 1121 4374 ὅσα
1139 4306 1203 4373 σιω
1216 4312 1360 4388 ducange
1376 4321 1380 4386 ι
1395 4320 1414 4377 ο
1432 4319 1627 4390 πορίσαι

329 4397 475 4468 10111ἕως
483 4392 777 4474 τῶνπεράτωνΔτρΙ.
783 4403 824 4466 24,
830 4405 863 4459 10
876 4403 881 4466 Ι
897 4401 979 4468 11112
989 4403 1196 4471 αναπεομενον]
1210 4402 1312 4458 verb.D
1328 4405 1332 4471 Ι
1348 4403 1386 4460 12
1395 4397 1512 4474 ύλλάΔ]
1525 4402 1628 4472 αμαΡί

329 4487 367 4542 15
384 4479 419 4540 τὸ
438 4481 522 4556 πρὸς]
538 4489 593 4542 τοῦ
609 4479 684 4556 πρὸς
700 4486 725 4539 D
739 4487 744 4555 1
760 4487 798 4544 16
817 4486 908 4542 Lfloke
924 4485 997 4542 nach
1014 4486 1058 4542 A?
1074 4489 1078 4552 Ι
1099 4487 1137 4543 17
1154 4487 1246 4542 Lfleke
1262 4487 1334 4542 nach
1358 4491 1381 4541 A
1401 4489 1405 4555 Ι
1425 4487 1462 4544 21
1483 4484 1515 4542 ἐν
1530 4495 1571 4561 τῷ
1589 4483 1632 4543 ἐνί

329 4569 396 4625 md.
412 4571 416 4637 Ι
432 4569 472 4626 24
490 4587 566 4626 αντω
577 4570 600 4625 Ρ
615 4573 620 4640 1
635 4561 724 4640 εύύδη
735 4572 770 4641 Δ]
788 4573 877 4642 εοειδη
889 4571 911 4624 Ρ
926 4571 930 4640 Ι
946 4571 985 4628 26
1004 4563 1090 4644 αύτῷ]
1108 4587 1204 4625 αοτων
1215 4569 1236 4623 Ρ
1251 4571 1256 4636 Ι
1272 4573 1465 4642 ευωδιστερον
1481 4573 1503 4627 Ρ
1518 4574 1522 4640 Ι
1538 4572 1578 4630 28
1597 4569 1626 4628 σί

329 4651 359 4708 δέ
375 4655 442 4722 περί
458 4650 510 4708 τόν
527 4648 650 4726 καρπὸν]
669 4643 704 4726 ἦν
721 4653 751 4711 δέ
766 4650 902 4726 περιττὸς
918 4647 935 4710 ό
952 4647 1085 4726 καρπδςλ
1103 4649 1132 4710 οί
1148 4651 1179 4709 δὲ
1195 4655 1261 4723 περί
1279 4649 1350 4710 αύτδ
1368 4659 1477 4728 καρποί
1494 4657 1579 4712 Diels.
