3706 5544
328 475 368 536 34
862 471 939 526 Buch
957 471 1077 526 Henoch.

328 627 572 718 ἐργασθήσεται
588 637 678 701 πᾶσα
693 629 713 724 ή
728 638 770 722 γῆ
785 636 823 705 ὲν
845 633 1038 722 δικαιοσύνῃ
1060 641 1115 706 καὶ
1136 631 1476 722 καταφυτευθήσεται
1497 638 1636 722 δένδρον

328 733 365 800 ἐν
380 724 466 818 αὐτῇ
480 737 535 800 καὶ
558 730 792 822 πλησθήσεται
813 729 975 823 εόλογίας.
1012 745 1050 806 19
1071 740 1127 804 καὶ
1148 728 1264 805 πάντα
1286 732 1329 804 τὰ
1351 737 1472 821 δένδρα
1493 739 1554 823 τῆς
1576 740 1636 824 γής

329 825 601 918 ἀγαλλιάσονται,
622 831 893 923 [φυτευθήσεται]
917 841 971 904 καί
995 837 1130 904 ἔσονται
1152 831 1358 919 φυτεύοντες
1380 827 1558 921 ἀμπέλους,
1581 841 1636 903 καὶ

328 926 348 1018 ή
365 929 514 1016 ἄμπελος
537 928 580 1019 ἣν
600 927 642 1002 ἀν
665 931 884 1019 φυτεύουσιν,
906 932 1108 1023 ποιήσουσιν
1129 928 1278 1021 πρόχους
1293 935 1388 1004 οἴνου
1402 929 1560 1020 χιλιάδας,
1582 943 1637 1004 καὶ

294 1043 310 1095 5
329 1025 629 1120 δσπόροςποιήσει
637 1031 717 1102 καθ’
735 1032 878 1104 ἕκαστον
892 1041 1017 1123 μέτρον
1041 1061 1059 1095 ι
1083 1059 1101 1094 ε
1124 1061 1142 1094 ε
1157 1037 1270 1113 ἐλαίας
1283 1029 1417 1121 ποιήσει
1433 1028 1496 1102 ἀνά
1511 1029 1637 1116 βάτους

329 1134 416 1199 δέκα.
459 1140 499 1201 20
520 1138 577 1200 καί
597 1130 636 1201 οὐ
656 1127 846 1219 καθάρισον
869 1133 933 1224 τήν
954 1140 1018 1224 γῆν
1040 1130 1108 1205 ἀπὸ
1131 1130 1240 1221 πάσης
1263 1127 1470 1219 ἀκαθαρσίας
1491 1138 1547 1204 καὶ
1569 1129 1637 1205 ἀπὸ

328 1227 439 1318 πάσης
469 1225 598 1312 ἀδικίας
628 1237 682 1300 καί
713 1227 782 1303 ἀπὸ
810 1230 950 1322 <πά>σης
980 1229 1142 1324 ἀμαρτίας
1171 1238 1227 1304 καὶ
1257 1225 1418 1315 ἀσεβείας,
1444 1239 1501 1302 καὶ
1530 1230 1638 1317 πάσας

330 1328 392 1411 τὰς
413 1327 619 1416 ἀκαθαρσίας
642 1329 702 1411 τάς
723 1338 901 1421 γινομένας
923 1337 977 1404 έπί
1000 1339 1060 1422 τῆς
1082 1338 1142 1422 γῆς
1163 1327 1342 1418 ίξάλειψον
1365 1359 1383 1392 ν
1406 1358 1425 1392 ν
1447 1358 1466 1391 ε
1489 1359 1508 1393 ε
1528 1344 1567 1404 21
1581 1341 1639 1403 καί

331 1432 465 1500 ἔσονται
480 1426 607 1512 πάντες
630 1428 852 1516 λατρεύοντες
874 1435 907 1503 οί
929 1439 1004 1504 λαοὶ
1025 1437 1081 1502 καὶ
1104 1427 1323 1520 εὐλογοῦντες
1344 1429 1471 1515 πάντες
1493 1435 1565 1521 ἐμοὶ
1584 1436 1638 1502 καί

278 1545 313 1600 10
329 1534 606 1617 προςκυνοῦντες.
646 1541 684 1601 22
707 1537 762 1602 καὶ
783 1528 1071 1621 καθαρισθήσεται
1093 1527 1219 1622 πᾶσαή
1241 1536 1282 1619 γῆ
1305 1526 1373 1602 ἀπὸ
1395 1528 1527 1613 παντός
1547 1528 1638 1620 μιάσ-

330 1657 436 1717 ματος
461 1635 516 1698 καί
543 1624 611 1700 ἀπὸ
633 1626 741 1718 πάσης
764 1624 971 1717 ἀκαθαρσίας
991 1637 1047 1700 καί
1069 1627 1169 1720 όργής
1190 1635 1246 1700 καὶ
1267 1627 1428 1720 μάστιγος
1448 1635 1504 1700 καί
1526 1626 1639 1702 οὐκέτι

330 1733 454 1817 πέμψω
477 1723 528 1798 ἐπ’
552 1724 676 1811 αότούς
698 1732 745 1812 είς
766 1726 875 1812 πάσας
897 1728 958 1812 τὰς
981 1729 1096 1818 γενεάς
1119 1735 1182 1801 τοῦ
1200 1735 1331 1813 αίῶνος.

412 1831 465 1910 xl,
490 1840 504 1898 1
530 1835 595 1898 Καὶ
622 1824 702 1899 τότε
723 1825 849 1916 ἀνοίξσν
879 1829 921 1901 τὰ
949 1847 1067 1918 ταμεῑα
1094 1835 1155 1918 τῆς
1177 1823 1330 1916 εὐλογίας
1352 1827 1394 1899 τὰ
1417 1821 1503 1900 ὄντα
1524 1833 1562 1901 ἐν
1585 1836 1636 1920 τῷ

331 1923 467 2017 οὐρανῷ
483 1934 559 2014 [καί]
576 1947 789 2018 κατενεγκεῖν
805 1925 889 2000 αὐτὰ
906 1933 971 2020 [ἐπὶ
987 1928 1029 1999 τὰ
1048 1931 1136 2018 ἔργα]
1160 1932 1215 1999 ἐπὶ
1239 1927 1302 2000 τόν
1323 1925 1433 2000 κόπον
1456 1937 1531 2000 τῶν
1552 1930 1638 2000 υίῶν

282 2044 314 2098 15
333 2034 405 2098 τῶν
421 2021 629 2115 ἀνθρώπων.
671 2040 690 2099 2
712 2037 768 2099 καὶ
790 2025 870 2100 τότε
893 2023 1036 2117 ἀλήθεια
1051 2035 1105 2098 καὶ
1127 2025 1241 2118 εἰρήνη
1263 2025 1532 2117 κοινωνήσουσιν
1554 2023 1638 2116 ὁμοῦ

332 2133 378 2208 είς
399 2125 509 2210 πάσας
531 2126 591 2210 τὰς
613 2123 733 2216 ἡμέρας
757 2133 820 2199 τοῦ
842 2133 968 2208 αἰῶνος
985 2133 1040 2197 καὶ
1063 2134 1109 2210 είς
1134 2125 1243 2210 πάσας
1265 2126 1327 2211 τὰς
1348 2125 1463 2216 γενεάς
1486 2135 1561 2198 τῶν
1582 2122 1639 2200 ἀν-

332 2229 497 2316 θρώπων.

414 2330 484 2410 XII,
506 2338 522 2397 1
550 2325 622 2416 Πρὸ
649 2324 787 2397 τούτων
808 2332 882 2396 τῶν
904 2324 1018 2414 λόγων
1040 2325 1200 2415 ἐλήμφθη
1220 2321 1334 2414 Ἑνώχ,
1356 2333 1412 2396 καὶ
1435 2320 1544 2408 οόδείς
1565 2332 1639 2396 τῶν

333 2422 533 2516 ἀνθρώπων
559 2427 661 2513 ἔγνω,
688 2431 756 2496 ποῦ
781 2423 940 2515 ίλήμφθη
966 2435 1022 2497 καὶ
1043 2431 1111 2497 ποῦ
1133 2431 1225 2497 ἐστὶν
1245 2433 1301 2495 καὶ
1324 2433 1358 2496 τί
1380 2429 1514 2513 ἐγένετο
1537 2421 1639 2515 αὐτῷ.

281 2535 350 2596 202
372 2531 428 2594 καὶ
458 2523 501 2594 τά
532 2527 611 2614 ἔργα
641 2521 737 2616 αὐτῷ
764 2526 849 2616 μετὰ
874 2521 1250 2615 τῶνέγρηγόρων,καί
1273 2523 1454 2614 μετὰτῶν
1477 2520 1640 2611 ἀγίωναί

333 2619 450 2713 ήμέραι
480 2620 592 2695 αότοῦ.
652 2630 747 2697 3καὶ
778 2625 884 2708 ἑστώς
914 2621 1002 2714 ήμην
1031 2619 1137 2713 Ἐνοόχ
1167 2620 1320 2713 εὐλογῶν
1354 2631 1404 2714 τῷ
1439 2632 1544 2714 κυρίῳ
1581 2631 1641 2714 τής

331 2722 567 2811 μεγαλοσόνης,
589 2730 639 2813 τῷ
655 2731 784 2806 βασιλεῖ
797 2731 871 2794 τῶν
886 2724 1034 2808 αίοίνων,
1057 2731 1112 2793 καί
1127 2725 1201 2796 ίδοὺ
1216 2728 1248 2795 οί
1263 2721 1439 2814 έγρήγοροι
1462 2731 1525 2796 τοῦ
1546 2719 1642 2813 ἀγίου

333 2820 551 2911 τοῦμεγάλου
563 2820 707 2894 ἐκάλουν
720 2848 773 2912 με·
797 2835 816 2894 4
831 2820 935 2913 Ἐνδχ
950 2819 969 2895 δ
985 2823 1194 2914 γραμματεὺς
1209 2829 1270 2913 τής
1285 2823 1505 2912 δικαιοσύνης,
1521 2822 1641 2914 πορεύ-

332 2951 374 2992 ου
403 2930 459 2992 καὶ
486 2919 558 2993 εἰπὲ
586 2941 657 3007 τοῖς
683 2922 877 3014 έγρηγόροις
907 2929 970 2995 τοῦ
998 2919 1162 3011 οὐρανοῦ,
1184 2926 1306 3006 οίτινες
1327 2920 1557 3006 ἀπολιπόντες
1578 2921 1641 2994 τόν

281 3031 315 3088 25
334 3017 481 3111 οόρανόν
496 3023 559 3094 τόν
573 3019 716 3112 δψηλόν,
741 3021 781 3093 τὸ
803 3019 946 3112 ἀγίασμα
967 3029 1029 3112 τής
1050 3020 1200 3105 στάσεως
1219 3029 1282 3094 τοῦ
1305 3029 1439 3106 αίῶνος,
1461 3020 1545 3111 μετὰ
1567 3029 1641 3093 τῶν

334 3129 503 3210 γυναικῶν
533 3119 739 3211 έμιάνθησαν
769 3126 838 3207 καί,
871 3121 985 3211 ὥσπερ
1013 3125 1045 3192 οἱ
1071 3127 1139 3194 υίοί
1166 3128 1227 3211 τῆς
1248 3128 1307 3211 γῆς
1329 3127 1499 3205 ποιοῦσιν,
1530 3114 1642 3204 οὕτως

333 3228 388 3292 καὶ
415 3218 514 3293 αὐτοὶ
540 3229 697 3294 ποιοῦσιν
723 3228 778 3293 καὶ
809 3225 931 3307 ἔλαβον
962 3224 1093 3305 ἑαυτοῖς
1123 3240 1291 3310 γυναῖκας·
1319 3217 1510 3308 ἀφανισμὸν
1539 3225 1643 3309 μέγαν

333 3331 586 3411 κατηφανίσατε
606 3321 672 3412 τήν
690 3327 761 3411 γῆν,
782 3335 800 3392 5
818 3327 871 3391 καί
896 3317 957 3393 οάκ
972 3323 1066 3392 ἔσται
1079 3318 1158 3409 δμίν
1174 3317 1287 3410 είρήνη
1303 3312 1384 3391 οὔτε
1400 3319 1529 3407 ἀφεσις·
1552 3332 1571 3393 6
1586 3327 1641 3390 καὶ

334 3427 408 3509 περί
426 3413 476 3492 ὧν
489 3429 661 3510 χαίρουσιν
676 3427 749 3490 τῶν
763 3423 849 3491 υἱῶν
864 3417 990 3506 αὐτῶν,
1007 3419 1069 3492 τόν
1088 3419 1198 3508 φόνον
1219 3427 1294 3490 τῶν
1315 3416 1504 3509 ἀγαπητῶν
1525 3416 1643 3490 αὐτῶν

420 3893 464 3959 1Ι2
482 3886 606 3964 δενδρσίν
618 3892 693 3962 (oder
706 3889 815 3960 δένδρα)
829 3889 859 3947 ἐν
871 3885 962 3964 αὐτῇ2
978 3893 982 3962 Ι
998 3893 1016 3948 0
1035 3887 1243 3962 φντευθήσεται
1256 3909 1304 3946 aus
1317 3891 1379 3947 dem
1392 3889 1643 3961 Vorhergehenden

335 3977 498 4033 winderholt
521 3978 526 4045 Ι
549 3995 673 4046 φυτευον
690 3994 858 4046 φντευοντες
881 3980 885 4045 Ι
909 3979 958 4033 καί
974 3976 1009 4045 A]
1031 3995 1062 4032 αι
1080 3977 1102 4030 Ρ
1122 3980 1126 4043 Ι
1146 3977 1164 4032 5
1184 3969 1199 4030 ό
1220 3974 1339 4045 σπόρος]
1359 3993 1473 4047 οπσρου
1489 3975 1511 4030 Ρ
1530 3975 1604 4030 viell.
1624 3965 1640 4028 δ

249 4071 253 4080 ·
335 4058 448 4134 σπόρος
466 4055 497 4134 (δ
517 4058 548 4116 ἐν
566 4055 637 4133 αὐτῇ
656 4063 791 4132 σπαρείς)
809 4061 880 4116 nach
898 4066 923 4116 A
942 4063 946 4129 Ι
966 4062 1057 4116 Lfleke
1074 4062 1146 4116 nach
1164 4065 1195 4126 A,
1214 4067 1331 4132 ergiinze
1353 4058 1452 4131 <χίλια,
1475 4061 1523 4115 καὶ
1547 4054 1578 4114 ἓν
1593 4055 1642 4127 μέ-

334 4149 421 4218 τρον)
438 4148 477 4204 18
497 4149 613 4218 ετςίίαιο
631 4147 701 4201 nach
719 4151 744 4201 A
762 4149 827 4216 <καί
845 4139 961 4201 ἔσονται
982 4141 1087 4210 πάντες
1106 4141 1134 4200 σί
1157 4142 1213 4200 υίοί
1234 4150 1294 4200 τῶν
1316 4139 1482 4215 ἀνθρώπων
1499 4144 1614 4212 δίκαιοι)
1636 4148 1639 4210 Ι

338 4234 422 4300 1οΙ11
444 4249 612 4300 μιαμματας
626 4234 631 4298 Ι
648 4232 687 4286 14
704 4237 884 4302 κατενεγκεῖν
902 4231 936 4300 ΑΙ
959 4249 1008 4285 και
1025 4247 1189 4285 κατενενκιν
1205 4231 1246 4297 ΡΙ
1264 4225 1309 4285 έπί
1330 4222 1382 4298 τήν
1399 4235 1452 4299 γῆν
1464 4235 1496 4294 -Ι-
1515 4230 1539 4281 A
1556 4226 1641 4296 (viell.

335 4319 379 4372 ffir
397 4313 443 4372 ἐπί
460 4311 497 4371 τοί
516 4310 587 4386 ἔργα
605 4315 787 4382 einzusetzen)
802 4317 806 4384 Ι
823 4315 861 4371 19
881 4311 967 4382 ἐστίν]
987 4308 1053 4384 ἔστη
1066 4316 1109 4368 A?
1147 4314 1201 4368 Ein
1217 4315 1334 4384 Tempus
1352 4313 1401 4368 der
1420 4311 1643 4382 Vergangenheit

336 4402 444 4456 scheint
460 4401 540 4470 nbtig
559 4403 563 4466 Ι
583 4401 623 4457 20
642 4395 728 4475 αὐτῷ]
747 4394 876 4455 αδτῶνΡ
895 4393 985 4455 αὐτοῦ
996 4399 1041 4452 A‘?
1059 4399 1129 4454 Edd’.
1145 4403 1149 4468 Ι
1165 4399 1201 4454 21
1223 4394 1253 4452 ἐν
1269 4405 1332 4462 ταῖς
1349 4391 1469 4468 ἡμέραις
1487 4393 1575 4452 αὐτοῦ
1591 4397 1616 4450 A
1636 4406 1639 4459 ;

335 4479 426 4550 ἑστὼς
443 4495 476 4544 <
494 4487 518 4538 A
533 4486 537 4551 Ι
553 4483 641 4552 22Ι23
659 4491 711 4540 τοῦ
729 4477 773 4557 ἀγ.
792 4503 816 4540 τ.
834 4503 863 4553 μ.
881 4493 914 4543 <
930 4489 956 4537 A
979 4487 983 4552 Ι
1005 4483 1044 4540 23
1063 4503 1090 4539 οι
1108 4500 1292 4555 γραμματευς
1305 4483 1327 4536 Ρ
1342 4484 1346 4550 Ι
1363 4483 1401 4537 28
1418 4479 1642 4552 κατηφανίσατε]

336 4585 545 4638 καιηφανισατε
566 4571 587 4624 Ρ
611 4571 616 4638 Ι
641 4574 690 4627 καί
717 4564 885 4639 ἀφανισμόν
909 4566 1001 4638 μέγαν
1028 4563 1231 4639 ἠφανίσθησαν
1257 4563 1302 4621 ἐπὶ
1328 4571 1378 4634 τῆς
1404 4572 1455 4636 γῆς
1472 4567 1515 4620 A?
1538 4565 1544 4632 Ι
1567 4555 1641 4632 ὑμῖν]

336 4647 437 4718 αὖτσῖς
455 4656 488 4708 Α.
