3706 5544
320 481 360 542 46
870 477 946 534 Bueh
963 477 1086 534 Henooh.

320 639 399 718 λους
413 638 588 727 ποταμοὺς
606 647 672 726 [καὶ
693 645 786 730 μέχρι
810 647 872 713 τοῦ
892 637 1038 731 μεγάλου
1058 642 1227 729 ποταμοῦ]
1250 645 1306 709 καὶ
1327 645 1422 728 μέχρι
1443 645 1507 711 τοῦ
1527 637 1625 730 μεγά-

319 748 382 808 λου
403 731 545 821 σκότους
566 735 762 828 κατήντησα
781 745 837 811 καὶ
860 737 1029 830 ἀπῆλθον,
1053 737 1142 810 ὅπου
1163 746 1254 810 πάσα
1276 735 1358 830 σάρξ
1379 734 1420 811 οδ
1440 747 1626 830 περιπατεῖ.

320 846 337 905 7
357 835 449 908 είδον
472 842 552 920 τοὺς
574 835 716 928 ἀνέμους
739 846 812 910 τῶν
834 837 978 929 γνόφων
999 840 1080 922 τούς
1100 837 1305 927 χειμερινοὺς
1329 844 1386 909 καί
1407 839 1473 930 τὴν
1495 841 1626 929 ἔκχυσιν

320 941 380 1025 τῆς
395 933 540 1021 ἀβύσσου
555 935 700 1010 πάντων
714 935 858 1010 όδάτων.
896 949 914 1012 8
930 940 1021 1012 είδον
1036 938 1076 1011 τό
1095 937 1203 1028 στόμα
1224 944 1285 1029 τῆς
1298 944 1372 1029 *γῆς
1387 937 1532 1011 πάντων
1554 947 1628 1011 τῶν

284 1044 485 1125 ὅποταμῶν
506 1044 561 1108 καὶ
583 1036 623 1110 τό
647 1036 754 1129 στόμα
777 1045 837 1128 τῆς
858 1036 1011 1126 ἀβύσσου.
1567 1079 1569 1082 ·

400 1139 548 1223 XVIH,1
568 1138 672 1210 Εἶδον
694 1138 774 1222 τούς
795 1139 988 1229 θησαυρούς
1009 1146 1082 1210 τῶν
1105 1134 1238 1227 ἀνέμων
1268 1135 1421 1222 πάντων,
1449 1139 1541 1210 εἶδον
1571 1131 1627 1210 ότι

317 1239 386 1324 έ<ν>
410 1231 526 1320 αότοῑς
546 1234 728 1328 ένιὸσμησεν
749 1235 859 1323 πάσας
881 1238 942 1321 τὰς
962 1246 1096 1322 κτίσεις,
1117 1245 1173 1308 καὶ
1204 1236 1267 1311 τόν
1292 1243 1453 1327 θεμέλιον
1480 1242 1541 1327 τῆς
1566 1244 1626 1328 γῆς

317 1341 406 1406 λκαί
427 1333 491 1406 τόν
513 1344 615 1408 λίθον
637 1340 729 1410 είδσν
752 1345 813 1428 τῆς
833 1347 960 1426 γωνίας
982 1345 1042 1428 τῆς
1064 1344 1133 1427 γῆς,
1156 1337 1248 1410 εἶδον
1269 1337 1351 1419 τοὺς
1372 1343 1533 1426 τέσσαρας
1554 1332 1626 1408 ἀνέ-

318 1462 399 1523 μους
430 1437 495 1524 τὴν
525 1442 589 1527 γῆν
619 1435 851 1524 βαστάζοντας
881 1445 936 1508 καὶ
967 1436 1008 1508 τὸ
1039 1444 1212 1528 στερέωμα
1239 1443 1303 1510 τοῦ
1329 1432 1484 1528 οὐρανοῦ.
1531 1445 1626 1512 3ιιαὶ

267 1546 301 1600 10
318 1530 415 1606 αὐτοὶ
431 1536 566 1609 ἑστᾶσιν
578 1539 703 1629 μεταξὺ
723 1544 784 1628 γῆς
805 1544 861 1607 καὶ
883 1534 1038 1627 οὐρανοῦ.
1074 1549 1093 1608 4
1116 1537 1207 1608 είδον
1230 1534 1372 1627 ἀνέμους
1393 1533 1457 1608 τόν
1478 1533 1627 1626 οὐρανόν

318 1639 529 1723 στρέφοντας
558 1646 615 1708 καὶ
645 1636 839 1720 δινεύοντας
865 1636 929 1708 τὸν
952 1634 1079 1726 τροχόν
1106 1645 1168 1708 τοῦ
1191 1633 1290 1727 ἡλίου
1310 1643 1367 1706 καὶ
1388 1633 1522 1719 πάντας
1545 1637 1626 1720 τούς

317 1730 466 1824 ἀστέρας.
488 1739 609 1809 διίδον
619 1738 701 1821 τοὺς
710 1741 765 1808 ἐπὶ
775 1744 837 1826 τῆς
850 1743 911 1827 γῆς
926 1733 1067 1826 ἀνέμους
1081 1733 1314 1824 βαστάζοντας
1329 1741 1367 1806 έν
1382 1742 1516 1825 νεφέλῃ,
1533 1735 1625 1808 είδον

318 1840 410 1926 (περὶ
425 1835 483 1925 τά)
498 1843 629 1924 τέρατα
644 1843 705 1927 τῆς
726 1843 787 1927 γῆς
808 1835 849 1909 τό
865 1834 1029 1927 στήριγμα
1044 1843 1107 1906 τοῦ
1129 1831 1278 1926 οδρανοῦ
1299 1833 1425 1907 ἐπάνω.
1462 1848 1480 1908 6
1496 1841 1625 1926 παρῆλ-

317 1942 384 2005 θον
419 1941 474 2006 καὶ
501 1937 591 2007 εἶδον
623 1933 733 2008 τόπον
762 1933 944 2025 καιόμενον
974 1934 1097 2019 νυκτός
1126 1943 1182 2007 καὶ
1205 1932 1337 2025 ἡμέρας,
1360 1928 1450 2007 όπου
1470 1934 1515 2006 τά
1537 1935 1625 2006 ἑπτὰ

266 2050 299 2102 15
317 2026 379 2122 όρη
402 2029 470 2106 ἀπὸ
494 2043 606 2108 λίθων
628 2042 839 2118 πολυτελῶν,
862 2040 972 2124 <τρία>
995 2042 1041 2119 εἰς
1071 2031 1242 2118 ἀνατολὰς
1268 2041 1324 2105 καί
1351 2043 1428 2125 τρία
1449 2042 1497 2119 είς
1518 2031 1625 2106 νότον

316 2130 497 2217 βάλλοντα.
535 2147 553 2205 7
575 2142 630 2206 καὶ
653 2135 777 2225 τὰμὲν
799 2133 884 2224 πρὸς
905 2129 1078 2218 ἀνατολάς
1100 2129 1167 2205 ἀπό
1190 2141 1293 2206 λίθου
1313 2134 1502 2224 χρεόματσς,
1525 2133 1567 2205 τὸ
1590 2139 1626 2206 δὲ

316 2224 359 2320 ἦν
375 2228 442 2304 ἀπό
458 2242 561 2305 λίθου
575 2241 790 2324 μαργαρίτου,
813 2241 869 2305 καὶ
885 2232 925 2305 τό
942 2231 1010 2306 ἀπὸ
1025 2241 1128 2308 λίθου
1147 2240 1265 2315 ταθέν,
1288 2235 1331 2306 τδι
1353 2241 1389 2306 δὲ
1408 2233 1497 2307 κατὰ
1520 2231 1625 2304 νότον

317 2327 384 2402 ἀπὸ
400 2339 501 2404 λίθου
522 2341 662 2424 πυρροῦ.
699 2331 774 2406 Θτὸ
791 2339 827 2404 δὲ
841 2339 943 2423 μέσον
963 2329 1080 2405 αὐτῶν
1102 2323 1145 2422 ἦν
1168 2335 1214 2416 είς
1236 2330 1384 2424 σδρανόν
1406 2332 1521 2422 ὥσπερ
1542 2329 1624 2421 θρό-

317 2459 375 2514 νος
405 2439 499 2518 θεοῦ,
532 2430 599 2504 άπό
631 2439 733 2504 λίθου
762 2430 884 2520 φουκά.
919 2440 974 2504 καὶ
997 2429 1017 2523 ἦ
1039 2431 1173 2523 κορυφὴ
1196 2441 1258 2505 τοῦ
1281 2431 1411 2522 θρόνου
1432 2429 1500 2505 ἀπὸ
1524 2439 1625 2504 λίθου

265 2541 299 2597 20
316 2538 513 2620 σαφφείρου.
563 2543 581 2604 9
610 2539 665 2603 καὶ
694 2538 761 2624 πῦρ
786 2529 968 2623 καιόμενον
990 2534 1093 2603 εἶδον·
1115 2527 1297 2604 κάπέκεινα
1320 2529 1526 2620 τῶνόρέων
1547 2530 1624 2602 τού-

316 2657 389 2710 των
434 2641 471 2702 10
498 2627 606 2714 τόπος
636 2637 728 2703 ἐστὶν
749 2638 854 2723 πέρας
882 2638 943 2721 τῆς
964 2629 1107 2722 μεγάλης
1128 2637 1196 2722 γῆς.
1243 2636 1312 2703 έκεῑ
1339 2629 1625 2722 συντελεσθὴσον-

316 2757 372 2799 ται
386 2733 419 2800 οἱ
438 2725 586 2818 οόρανοί.
625 2745 656 2802 11
675 2739 731 2802 καὶ
753 2731 844 2803 είδον
862 2729 972 2820 χάσμα
992 2737 1075 2820 μέγα
1097 2737 1143 2814 είς
1166 2734 1247 2814 τούς
1268 2729 1411 2814 στόλους
1433 2737 1495 2802 τοῦ
1516 2727 1624 2820 πυρός

398 4151 415 4206 1
432 4166 570 4213 ποταμου
587 4151 608 4204 Ρ
624 4154 628 4218 Ι
643 4154 736 4206 καὶ-
749 4151 884 4217 ποταμοῦ·
901 4149 1050 4203 είτοίολιεΙ)
1074 4151 1079 4216 Ι
1103 4148 1121 4204 3
1145 4144 1278 4218 ἀνέμους]
1305 4143 1454 4213 κολωνοὺς
1471 4149 1515 4204 A?
1530 4148 1534 4218 Ι
1550 4148 1570 4204 4
1587 4143 1621 4204 ιδ

315 4231 410 4301 στόμα
427 4228 542 4288 πάντων
559 4253 584 4290 τ.
602 4253 665 4291 ποτ.
684 4242 735 4305 τῆς
751 4242 803 4306 γῆς
821 4233 843 4286 D
860 4232 911 4288 lies
928 4227 962 4288 τὸ
983 4227 1078 4300 στόμα
1096 4237 1147 4302 τῆς
1164 4239 1255 4302 πηγῆς
1271 4249 1301 4290 ιι.
1318 4251 1342 4288 τ.
1360 4233 1446 4289 norff?
1465 4235 1470 4300 Ι
1494 4232 1513 4288 9
1530 4232 1623 4287 111ολιε

312 4318 383 4372 nach
400 4317 446 4373 A?
470 4319 474 4384 Ι
500 4319 539 4375 10
557 4335 686 4376 ειστασιν
703 4321 725 4374 Ρ
743 4312 909 4388 είστὴκασιν
935 4318 1001 4374 oder
1027 4314 1142 4372 ἱστᾶσιν
1167 4317 1235 4371 Edd.
1260 4319 1264 4384 Ι
1288 4317 1381 4371 Lficke
1403 4317 1475 4371 nach
1492 4318 1537 4372 A?
1552 4319 1557 4386 Ι
1571 4311 1625 4372 τόν

274 4433 276 4438 .
312 4397 440 4470 οὐρανὸν
458 4403 523 4457 AD:
550 4421 609 4458 των
635 4422 768 4475 ουρανων
785 4403 807 4456 Ρ
832 4403 836 4467 Ι
862 4403 897 4458 11
926 4396 1089 4467 δινεύοντας
1112 4402 1144 4472 D]
1173 4397 1355 4466 διονεύοντας
1372 4402 1394 4455 Ρ
1421 4397 1557 4467 δύνοντος
1576 4401 1597 4456 G
1618 4403 1621 4470 Ι

312 4486 347 4542 12
360 4486 451 4541 Lfleke
463 4487 538 4541 nach
550 4488 596 4542 A?
611 4488 616 4556 Ι
632 4488 670 4546 13
683 4481 763 4557 παρά
775 4480 810 4543 τά
820 4481 1002 4558 -Ι-Οιιερλτά
1016 4493 1047 4552 -Ι-
1061 4485 1137 4541 Diels
1153 4488 1157 4556 Ι
1172 4487 1207 4541 15
1220 4485 1327 4556 τρία-Ι·
1341 4485 1361 4540 Ο
1376 4488 1381 4554 Ι
1395 4485 1495 4557 τρίαῦ]
1505 4486 1602 4559 τριςΡ
1618 4489 1621 4554 Ι

316 4571 353 4628 16
364 4565 509 4642 βάλλοντα
522 4571 551 4640 G]
563 4572 756 4642 βαλλονταςΡ
773 4573 777 4638 Ι
794 4571 866 4626 viell.
881 4570 931 4639 <τδ
944 4568 1013 4638 μὲν)
1028 4565 1086 4625 ἀπὸ
1100 4571 1184 4626 λίθου
1199 4571 1203 4638 Ι
1220 4569 1363 4641 11ταθέν]
1377 4569 1508 4626 ίανθίνου
1524 4569 1602 4624 Diels
1617 4571 1620 4636 Ι

311 4649 346 4708 τά
358 4652 388 4709 δέ
399 4659 424 4708 Α
436 4657 536 4710 τοδεΡ
552 4657 556 4725 Ι
572 4655 612 4712 20
629 4675 747 4712 κανεινα
765 4655 797 4726 ΡΙ
821 4657 895 4712 verb.
917 4656 985 4711 Edd.
1002 4659 1006 4723 Ι
1022 4655 1058 4711 21
1080 4653 1172 4728 πέραν
1191 4653 1245 4709 ΔΟ.
