3706 5544
332 467 372 529 4ss
869 461 945 515 Buch
962 461 1083 516 Henoch.

331 629 612 706 καταβαίνοντας,
628 629 684 692 καὶ
700 617 762 694 οόκ
777 615 819 713 ήν
833 631 959 714 μέτρον
974 615 1053 696 οὔτε
1067 629 1114 706 είς
1128 619 1237 709 βάθος
1252 614 1333 714 οὔτε
1348 627 1394 707 είς
1409 615 1505 710 όψος.
1530 635 1565 694 12
1581 633 1637 696 καὶ

331 725 485 792 ἐπέκεινα
501 728 563 793 τοῦ
577 718 746 811 χάσματος
762 722 890 796 τούτου
905 726 996 795 είδον
1009 719 1129 808 τόπον,
1152 715 1242 795 όπου
1258 719 1335 794 σόδέ
1349 727 1522 812 στερέωμα
1538 720 1636 814 οδρα-

331 827 396 894 νοῦ
410 818 528 893 ἐπάνω
545 815 625 893 οότε
640 829 682 910 γῆ
704 814 746 911 ήν
767 829 1035 913 τεθεμελιωμένη
1057 819 1222 895 όποκάτω
1243 819 1358 903 αὐτοῦ,
1381 815 1460 894 οότε
1482 816 1574 914 ὕδωρ
1596 816 1639 914 ήν

329 917 397 994 άπὸ
412 918 507 1011 αὐτῷ
524 915 603 993 οότε
618 921 785 1007 πετεινόν,
809 919 896 995 άλλό
915 919 1023 1006 τόπος
1043 914 1086 1012 ἦν
1108 925 1229 1012 ἔρημος
1249 928 1305 993 καὶ
1327 919 1480 1012 φοβερός.
1518 934 1555 996 13
1571 926 1640 996 ἐκεῖ

294 1034 310 1087 5
329 1023 421 1093 εἱδον
442 1020 529 1092 ἑπτὰ
551 1018 693 1110 άστέρας
716 1018 764 1105 ιός
786 1015 849 1112 όρη
871 1021 998 1112 μεγάλα
1018 1020 1189 1111 καιόμενα,
1212 1030 1289 1110 περὶ
1312 1014 1364 1092 ὦν
1384 1031 1635 1113 πυνθανομένῳ

328 1149 386 1208 μοι
431 1133 467 1192 14
491 1122 585 1191 εἶπεν
615 1115 633 1192 6
657 1120 810 1210 ἄγγελος·
841 1113 943 1206 οὗτός
973 1127 1066 1194 ἐστιν
1095 1117 1114 1194 6
1136 1120 1245 1204 τόπος
1268 1119 1308 1192 τό
1331 1127 1430 1204 τέλος
1452 1128 1516 1193 τοῦ
1539 1118 1636 1213 οὖρα-

328 1226 390 1291 νοῦ
404 1227 459 1290 καὶ
482 1226 549 1309 γῆς,
573 1217 807 1310 δεσμωτήριον
827 1228 934 1295 τοῦτο
957 1226 1090 1311 ἐγένετο
1113 1239 1185 1304 τοῖς
1208 1221 1347 1310 ἄστροις
1365 1229 1421 1292 καὶ
1443 1238 1518 1303 ταῖς
1540 1219 1636 1294 δυνά-

327 1342 422 1408 μεσιν
437 1325 500 1391 τοῦ
516 1316 670 1406 οὐρανοῦ.
708 1333 745 1392 15
763 1329 819 1392 καί
834 1323 866 1393 οί
887 1317 1022 1411 άστέρες
1036 1325 1070 1392 σί
1091 1317 1283 1410 κυλιόμενοι
1303 1325 1341 1392 ἐν
1363 1327 1415 1410 τῷ
1437 1328 1518 1410 πυρὶ
1540 1313 1637 1394 οὗτοί

327 1423 411 1490 είσιν
425 1422 457 1490 οί
472 1416 686 1510 παραβάντες
707 1418 908 1510 πρόσταγμα
930 1427 1048 1508 κυρίου
1068 1425 1106 1492 ἐν
1128 1417 1213 1511 άρχῇ
1235 1426 1296 1509 τῆς
1317 1416 1488 1512 άνατολής
1510 1417 1635 1506 αὐτῶν,

277 1530 309 1584 10
329 1512 395 1604 [ότι
422 1515 529 1601 τόπος
560 1522 624 1604 ἔξω
657 1526 721 1591 τοῦ
751 1515 899 1606 οόρανοῦ
919 1519 1018 1604 κενός
1040 1525 1142 1606 ἐστιν]
1171 1513 1226 1590 ότι
1252 1517 1314 1592 οὐκ
1336 1524 1484 1608 ἐξῆλθαν
1506 1525 1636 1603 ἐντοῖς

325 1635 454 1703 καιροῖς
475 1615 601 1689 αὐτῶν.
639 1629 677 1690 16
699 1626 754 1690 καὶ
778 1616 931 1709 ωργίσθη
953 1615 1144 1702 αὐτοῖςκαὶ
1166 1621 1284 1710 ἐδησεν
1305 1617 1429 1702 αὐτοὺς
1450 1625 1544 1710 μέχρι
1564 1650 1634 1692 και-

326 1725 389 1807 ροῦ
410 1717 615 1800 τελειώσεως
636 1713 754 1788 αὐτῶν
776 1715 938 1808 άμαρτίας
958 1715 1095 1806 [αὐτῶν]
1119 1723 1288 1790 ἐνιαυτῶν
1309 1727 1449 1808 μυρίων.

408 1822 490 1902 XIX,
515 1831 529 1890 1
562 1823 628 1890 Καί
659 1820 761 1888 εἶπεν
779 1847 836 1908 μοι
865 1816 1002 1908 Θόριήλ·
1029 1813 1153 1889 ἐνθάδε
1176 1821 1208 1888 οί
1229 1823 1382 1907 μιγέντες
1404 1819 1539 1908 ἄγγελοι
1561 1833 1634 1901 ταῖς

325 1924 474 2006 γυναιξὶν
505 1913 699 2007 στήσονται,
730 1925 786 1989 καὶ
817 1917 860 1989 τά
890 1915 1066 2007 πνεύματα
1095 1913 1212 1989 αὐτῶν
1244 1916 1449 2008 πολύμορφα
1470 1914 1635 2007 γενόμενα

273 2033 306 2086 15
324 2023 519 2107 λυμαίνεται
548 2016 630 2098 τούς
653 2013 864 2106 ἀνθρώπους
885 2024 941 2089 καὶ
963 2014 1127 2104 πλανήσει
1148 2013 1271 2100 αὐτοὺς
1294 2016 1450 2088 ἐπιθύειν
1470 2035 1543 2100 τοῖς
1566 2022 1632 2087 δαι-

323 2125 454 2207 μσνίοις
472 2125 566 2206 μέχρι
589 2122 650 2207 τῆς
671 2113 816 2207 μεγάλης
837 2125 989 2207 κρίσεως,
1011 2121 1048 2187 ἐν
1070 2109 1090 2205 ή
1113 2113 1339 2207 κριθήσονται
1360 2121 1408 2199 είς
1430 2112 1632 2187 άποτελείω-

325 2239 385 2286 σιν.
422 2223 511 2286 2καὶ
527 2220 560 2286 αί
576 2236 728 2306 γυναῖκες
751 2212 869 2288 αότῶν
890 2223 963 2288 τῶν
984 2213 1216 2304 παραβάντων
1238 2214 1393 2306 άγγέλοον
1414 2220 1460 2298 είς
1483 2219 1634 2305 σειρῆνας

325 2313 533 2405 γενήσονται.
576 2313 711 2405 3κάγοό
742 2311 847 2404 Ἔνοὸχ
874 2317 965 2388 είδον
996 2315 1039 2387 τά
1065 2311 1273 2404 θεωρήματα
1298 2312 1404 2404 μόνος
1429 2313 1473 2386 τό
1504 2320 1633 2404 πέρατα

324 2413 471 2488 πάντων
491 2423 548 2486 καὶ
569 2411 611 2486 σά
631 2415 676 2505 μὴ
697 2419 751 2504 ίδῃ
774 2411 852 2487 οόδέ
874 2413 920 2497 είς
942 2412 1153 2504 ἀνθρώπων,
1177 2411 1226 2498 σός
1247 2416 1313 2504 ἐγώ
1336 2415 1435 2486 εἶδον.

273 2526 307 2582 20
407 2520 473 2601 XX,
490 2509 667 2604 1Ἆγγελοι
682 2522 756 2586 τῶν
771 2512 961 2605 δυνάμεων·
984 2525 1003 2586 2
1021 2511 1147 2604 Οὖριήλ
1163 2509 1181 2586 6
1198 2514 1244 2598 είς
1259 2521 1333 2585 τῶν
1347 2510 1454 2604 ἁγίων
1468 2510 1631 2604 άγγέλων,

322 2609 341 2687 ό
357 2620 411 2688 ἐπί
426 2621 489 2687 τοῦ
503 2612 632 2705 κόσμου
646 2622 702 2687 καὶ
719 2621 783 2687 τοῦ
797 2611 977 2702 ταρτάρου.
1013 2625 1030 2687 3
1045 2609 1191 2703 Ῥαφαήλ
1214 2608 1233 2685 6
1254 2611 1302 2697 εἷς
1321 2620 1395 2684 τῶν
1417 2608 1525 2702 άγίων
1539 2610 1631 2703 άγγέ-

322 2724 404 2800 λων,
427 2709 446 2787 ό
468 2718 523 2786 ἐπὶ
544 2722 620 2786 τῶν
641 2710 847 2805 πνευμάτων
868 2721 943 2786 τῶν
963 2710 1171 2804 ἀνθρώπων.
1215 2726 1234 2784 4
1255 2709 1413 2802 Ῥαγουήλ
1440 2707 1460 2784 6
1486 2713 1531 2795 είς
1559 2720 1632 2784 τῶν

321 2809 428 2902 άγίων
458 2811 622 2902 άγγέλων,
653 2808 673 2885 6
701 2819 846 2886 ἐκδικῶν
867 2811 931 2886 τόν
952 2813 1080 2903 κόσμον
1102 2821 1176 2884 τῶν
1199 2809 1404 2901 φωστήρων.
1456 2825 1475 2883 5
1498 2813 1630 2902 Μιχαὴλ

322 2909 340 2984 6
371 2912 419 2995 είς
446 2921 520 2983 τῶν
536 2909 648 3002 Ιάγίων
670 2909 837 3002 άγγέλων,
861 2907 880 2985 ό
903 2918 957 2984 ἐπὶ
978 2920 1052 2984 τῶν
1073 2919 1136 2984 τοῦ
1158 2919 1244 2984 λαοῦ
1265 2908 1408 3001 άγαθῶν
1430 2917 1631 3000 τεταγμένος

268 3030 302 3085 25
321 3018 385 3101 [καὶ
408 3016 463 3084 ἐπὶ
491 3019 543 3102 τῷ
568 3011 661 3102 χάῳ].
704 3024 723 3085 6
746 3013 877 3102 Σαριήλ
909 3007 928 3084 6
952 3010 999 3094 είς
1020 3019 1094 3085 τῶν
1117 3007 1226 3100 άγίων
1247 3007 1415 3101 άγγέλων,
1439 3005 1457 3082 6
1480 3015 1631 3082 ἐπὶτῶν

320 3108 534 3199 πνευμάτων,
566 3116 689 3196 οίτινες
720 3117 774 3183 ἐπὶ
805 3119 855 3202 τῷ
886 3109 1053 3198 πνεύματι
1083 3107 1342 3201 ἁμαρτάνουσιν.
1390 3121 1408 3182 7
1436 3108 1583 3198 Γαβριὴλ
1610 3106 1630 3182 6

403 3979 466 4033 XIX
486 3978 547 4033 los.
565 3977 750 4033 Tertullianus
768 3979 803 4033 do
820 3977 885 4034 idol.
898 3981 924 4044 4,
937 3979 976 4032 15.
996 3977 1122 4034 Clemens
1140 3977 1234 4032 homil.
1253 3979 1318 4032 VIII
1332 3979 1372 4034 12.
1390 3977 1525 4032 Minucius
1542 3975 1627 4041 Felix,

319 4063 449 4119 Octavius
467 4080 490 4117 c.
508 4063 541 4119 26
560 4061 771 4119 Commodianus
793 4063 874 4116 lustr.
892 4063 905 4115 I
923 4064 939 4117 3
959 4063 1118 4118 Lactantius
1136 4063 1201 4117 Insh
1218 4063 1245 4116 H
1263 4065 1303 4130 15,
1321 4063 1347 4116 II
1366 4064 1405 4128 16,
1428 4063 1468 4116 IV
1487 4065 1527 4126 14,
1545 4062 1577 4116 27
1595 4091 1628 4100 -

317 4149 368 4202 XX
388 4149 421 4204 ef.
439 4147 552 4219 Apoeal.
571 4147 656 4203 Mosis
674 4163 732 4217 ουρ.
752 4147 786 4201 40
803 4145 948 4201 Tischend.
966 4149 1017 4217 Ap.
1035 4163 1125 4218 apocr.
1143 4149 1184 4203 21.

402 4299 420 4355 2
438 4298 457 4353 I.
476 4291 541 4353 εἴτε
556 4300 560 4366 Ι
576 4297 595 4354 3
612 4317 666 4366 γην
691 4315 744 4365 την
765 4299 1012 4364 τεθεμελιωμενην
1028 4297 1050 4349 Ρ
1070 4301 1074 4364 Ι
1093 4298 1114 4352 4
1132 4289 1202 4352 αδτό
1221 4297 1243 4351 Ρ
1261 4296 1335 4352 vielI.
1356 4295 1477 4366 richtig!
1498 4297 1517 4352 5
1534 4297 1627 4350 πίιθα·

318 4399 441 4450 νομαιον
451 4400 502 4448 μοι
514 4382 546 4451 P]
569 4382 644 4438 verb.
658 4381 678 4436 C
693 4385 698 4450 Ι
715 4382 754 4438 10
767 4372 813 4437 ότι
826 4411 859 4420 -
874 4398 952 4436 εστιν
963 4380 1064 4451 tilgtc
1079 4383 1084 4450 Ι
1101 4381 1138 4437 12
1151 4373 1247 4436 αὐτῶν
1259 4376 1397 4436 ἐνιαυτῶν
1413 4380 1532 4450 μυρίων]
1543 4374 1626 4452 ἐντῷ

318 4462 437 4540 ἐνιαυτῷ
449 4471 502 4521 τοῦ
518 4469 681 4537 μυστηρίου
693 4466 757 4534 AI!
774 4466 813 4522 19
832 4469 992 4534 ανθρωιιον
1004 4467 1161 4521 οσιωσιδον
1172 4467 1214 4530 P2,
1233 4465 1282 4520 der
1298 4465 1358 4520 hIer
1369 4463 1487 4534 beginnt
1501 4465 1506 4532 Ι
1521 4462 1561 4518 20
1578 4453 1627 4532 ἄγε

318 4553 398 4620 γελοι
414 4556 473 4606 τῶν
490 4546 637 4618 δυνάμεων
657 4541 756 4622 σάριήλ
776 4561 809 4610 <
826 4551 862 4605 P²
876 4552 881 4618 Ι
897 4541 912 4605 ό
932 4541 982 4620 είς]
1001 4568 1040 4616 αις
1057 4569 1098 4615 εις
1115 4549 1223 4618 P²123
1241 4551 1374 4606 ειιδειιιιυν
1391 4549 1425 4602 Ρ1
1445 4565 1555 4604 εκειιων
1571 4546 1607 4600 1³²
1621 4547 1623 4614 ί

316 4629 450 4699 καὶτοὺς
467 4641 624 4705 φωστῆρες
641 4638 666 4689 Α
681 4639 687 4703 Ι
701 4635 741 4690 24
760 4624 794 4701 ός
813 4663 844 4674 -
862 4632 998 4690 τέτακται
1015 4633 1124 4702 Ρ2125
1141 4628 1216 4708 χάῳ]
1234 4637 1295 4708 λαῷ
1312 4637 1337 4688 A
1352 4634 1356 4701 Ι
1371 4651 1406 4688 το
1426 4650 1510 4703 αγιον
1527 4631 1570 4686 1³².
