3706 5544
302 435 342 498 56
864 428 944 486 Buoh
960 427 1087 484 Henoch.

300 619 338 662 τε
360 592 471 664 είπον·
499 585 547 672 οός
571 589 679 662 καλὸν
706 587 747 661 τὸ
774 595 916 713 δένδρον
941 587 1046 663 τοῦτό
1074 594 1167 660 ἐστιν
1186 593 1242 660 καὶ
1265 583 1397 672 εὐῶδες,
1419 593 1475 656 καὶ
1497 581 1607 675 οόραῖα

301 719 345 762 τα
331 688 481 777 φύλλα,
502 697 559 760 καὶ
582 686 624 761 τὰ
625 688 737 812 Ι,άνθη
760 683 867 762 αὐτοῦ
888 686 996 780 ιδραῖα
1018 697 1060 780 τῇ
1083 683 1203 811 δράσει
1230 685 1345 761 6τότε
1366 683 1535 810 ἀπεκρίθη
1550 712 1606 776 μοι

302 789 443 881 Μιχαήλ,
459 795 496 878 <o
486 785 641 880 ‘'>elg
591 819 664 862 των
679 783 788 878 άγίων
803 785 966 880 άγγέλοον,
989 782 1026 874 ός
1047 817 1109 878 μετ
1109 785 1251 878 ’ἐμσῦ’
1236 815 1279 877 ην
1293 795 1349 860 καὶ
1365 782 1468 870 αὐτὸς
1490 782 1608 858 αὐτῶν

299 885 423 981 ἡγεῖτο,

264 1009 281 1061 σ
381 993 480 1074 XXV,
498 994 593 1062 1καὶ
608 990 702 1060 εἶπέν
720 1011 789 1078 μοι·
814 984 929 1077 Ἐνώχ,
951 997 986 1060 τί
1008 994 1155 1082 ἐρωτᾷς·
1174 994 1232 1061 καὶ
1247 993 1280 1058 τί
1301 986 1492 1075 ἐθαύμασας
1512 989 1607 1058 ἐν’
1564 1013 1606 1073 τη

299 1083 385 1178 ὀσμῇ
416 1093 479 1160 τοῦ
509 1093 651 1210 δένδρου
679 1096 735 1160 καὶ
757 1086 812 1161 διά
843 1095 877 1159 τί
903 1096 1014 1172 θέλεις
1040 1087 1105 1178 τὴν
1132 1085 1297 1179 άλήθειαν
1317 1096 1456 1176 μαθεῖυ,·
1491 1080 1607 1158 λτότε

301 1185 492 1277 ἀπεκρίθην
514 1183 624 1278 αὐτῷ·
656 1195 733 1277 περὶ
755 1186 900 1262 πάντων
922 1193 1043 1262 εἰδέναι
1068 1196 1171 1274 θέλω
1202 1185 1347 1277 μάλιστα
1379 1191 1414 1258 δὲ
1434 1191 1512 1275 περὶ
1542 1191 1607 1258 τοῦ

299 1292 442 1410 δένδρου
470 1285 598 1359 τούτου
624 1282 765 1374 σφόδρα
807 1295 896 1361 θκαὶ
922 1283 1092 1378 ἀπεκρίθη
1115 1295 1235 1377 λέγων·
1262 1294 1367 1360 τοῦτο
1395 1284 1436 1356 τὸ
1463 1277 1543 1372 ὅρος
1565 1283 1605 1356 τό

298 1383 443 1508 ήψηλόν,
466 1416 507 1459 ου
528 1416 549 1476 η
575 1385 708 1476 κορυφὴ
734 1381 834 1476 δμοία
861 1385 1004 1476 θρόνου,
1026 1393 1110 1459 θεοῦ
1131 1391 1282 1476 καθέδρα
1296 1391 1398 1469 ἐστίν,
1414 1377 1454 1458 οὗ
1475 1391 1606 1472 καθίζει

247 1502 282 1558 10
299 1517 318 1558 ο
308 1482 433 1578 “μέγας
454 1485 569 1576 κύριος
584 1481 604 1558 5
624 1479 718 1574 ἅγιος
733 1493 794 1577 τῆς
809 1483 918 1578 δόξης,
941 1516 960 1559 ο
950 1481 1127 1577 βασιλευς
1142 1517 1205 1561 του
1189 1477 1395 1608 ὀιίρόνος,ο
1376 1513 1461 1558 οταν
1476 1491 1606 1572 καταβῇ

299 1591 546 1674 ἐπισκέψασθαι
568 1585 633 1676 τὴν
654 1591 718 1677 γῆν
739 1581 792 1658 ἐπ’
814 1583 947 1678 άγαθῷ.
989 1595 1078 1658 4καὶ
1100 1585 1269 1661 ταῦτατὸ
1292 1589 1434 1674 δένδρον
1456 1581 1606 1668 εὐωδίας,

298 1693 354 1758 καὶ
386 1682 521 1775 οὐδεμία
548 1684 631 1777 σάρξ
658 1690 814 1773 ἐξουσίαν
839 1689 903 1776 ἔχει
924 1679 1081 1774 άψασθαι
1112 1683 1219 1760 αὐτοῦ
1248 1691 1341 1777 μέχρι
1372 1690 1434 1775 τῆς
1463 1681 1606 1774 μεγάλης

297 1793 446 1874 κρίσεως,
476 1789 513 1856 ἐν
539 1777 560 1874 ᾗ
583 1790 748 1874 ἐκδίκησις
769 1784 915 1858 πάντων
939 1793 996 1858 καὶ
1026 1796 1196 1870 τελείωσις
1216 1791 1328 1875 μέχρις
1358 1791 1495 1868 αίῶνος·
1526 1778 1606 1854 τότε

298 1891 441 1969 δικαίοις
461 1890 517 1957 καὶ
544 1880 649 1970 ὁσίοις
672 1883 855 1975 δοθήσεται
881 1901 900 1959 5
923 1881 1093 1975 όκαρπός
1121 1882 1230 1958 αὐτοῦ
1258 1904 1332 1969 τοῖς
1362 1889 1531 1967 ἐκλεκτοῖς
1560 1889 1607 1968 είς

247 2007 280 2060 15
299 1981 391 2073 ζωήν
414 1991 459 2067 είς
483 1983 597 2074 βοράν,
620 1993 676 2057 καὶ
701 1983 1035 2076 μεταφυτευθήσεται
1061 1988 1098 2056 έν
1119 1981 1219 2075 τόπῳ
1242 1979 1326 2074 άγίῳ
1354 1983 1445 2075 παρὰ
1474 1981 1538 2055 τὸν
1560 1984 1605 2057 οἱ·

297 2111 361 2156 κον
383 2089 446 2155 τοῦ
466 2090 553 2156 θεοῦ
567 2091 726 2169 βασιλέορς
748 2091 811 2156 τοῦ
830 2090 970 2168 αἰῶνος·
992 2083 1102 2158 6τότε
1117 2081 1413 2175 εὐφρανθήσονται
1428 2080 1605 2173 εὐφραινό-

297 2211 394 2271 μενοι
428 2190 483 2254 καὶ
518 2181 725 2273 χαρήσονται
762 2191 817 2254 καὶ
853 2186 900 2267 είς
933 2183 976 2256 τό
1007 2178 1103 2275 άγιον
1133 2181 1383 2268 εἰςελεύσονται.
1434 2187 1468 2255 ai
1507 2177 1604 2272 ὀσμαὶ

297 2277 404 2354 αὐτοῦ
426 2287 463 2354 ἐν
479 2302 552 2366 τοῖς
574 2277 705 2366 όστέσις
725 2277 852 2366 αὐτῶν,
874 2290 930 2354 καὶ
953 2281 1042 2373 ζωὴν
1063 2289 1204 2356 πλείονα
1227 2281 1387 2374 ζήσανται
1407 2287 1463 2354 ἐπὶ
1478 2288 1547 2372 γῆς,
1562 2279 1605 2372 ἣν

299 2385 419 2470 ἔζησαν
441 2386 473 2454 σί
495 2388 640 2472 πατέρες
670 2407 739 2466 σου,
765 2389 822 2452 καὶ
847 2384 885 2453 ἐν
912 2399 987 2467 τἀῖς
1013 2379 1147 2473 ἡμέραις
1172 2379 1290 2455 αὐτῶν
1316 2388 1451 2472 <λῦπαι>
1472 2389 1530 2452 καὶ
1549 2378 1605 2469 βό·

246 2501 281 2558 νο
299 2502 395 2554 σονσι
416 2488 473 2552 καὶ
494 2490 619 2571 πληγαὶ
640 2488 695 2552 καὶ
714 2478 871 2571 μάστιγες
893 2479 953 2571 οόχ
975 2476 1123 2570 ἅψονται
1145 2479 1269 2555 αὐτῶν.
1297 2481 1414 2555 ῖτότε
1435 2477 1605 2572 ηόλόγησα

297 2580 362 2654 τὸν
383 2580 467 2654 θεὸν
482 2587 544 2672 τῆς
564 2579 673 2671 δόξης,
696 2581 910 2666 τὸνβασιλέα
927 2587 1130 2666 τσῦαίῶνσς
1152 2576 1190 2666 ός
1205 2579 1388 2673 ἡτοίμασεν
1406 2577 1606 2670 άνθροόποις

297 2679 341 2754 τὰ
363 2688 505 2754 τοιαῦτα
527 2688 668 2765 δικαίοις
686 2688 741 2752 καὶ
763 2679 850 2755 αάτά
872 2686 1003 2754 ἔκτισεν
1023 2688 1079 2754 καὶ
1102 2682 1195 2754 εἶπεν
1215 2687 1334 2754 δοῦναι
1355 2677 1479 2765 αὐτοῖς.

378 2785 497 2862 XXVI,
529 2793 544 2854 1
570 2787 634 2851 Καὶ
656 2785 790 2854 ἐκεῖθεν
809 2782 984 2869 ἐφάδευσα
1007 2784 1052 2867 είς
1074 2781 1115 2856 τό
1136 2787 1241 2872 μέσον
1262 2786 1323 2870 τῆς
1345 2787 1405 2872 γῆς
1433 2788 1489 2852 καί
1515 2782 1606 2852 είδον

297 2877 408 2955 τόπον
429 2877 670 2970 ηάλογημένον,
698 2885 736 2952 ἐν
758 2872 788 2972 ᾦ
810 2887 931 2970 δένδρα
956 2885 1080 2970 ἔχοντα
1105 2880 1331 2970 παραφυάδας
1356 2879 1520 2972 μενούσας
1549 2888 1604 2952 καὶ

245 2997 279 3054 25
295 2979 505 3069 βλαστοόσας
531 2986 595 3053 τοῦ
626 2987 766 3067 δένδρου
797 2985 1011 3064 ἐκκοπέντος.
1054 2977 1186 3052 λκάκεῖ
1211 2987 1371 3070 τεθέαμαι
1393 2973 1473 3068 όρος
1499 2974 1605 3071 ἅγιον.

296 3075 460 3152 δποκάτω
491 3086 555 3152 τοῦ
586 3074 686 3170 όρους
711 3073 805 3203 ὕδωρ
826 3084 861 3167 ἐξ
887 3077 1070 3152 ἀνατολῶν
1097 3085 1153 3150 καὶ
1183 3079 1248 3169 τὴν
1278 3079 1374 3168 ῥύσιν
1402 3083 1489 3169 εἶχεν
1517 3076 1605 3170 πρός

297 3177 410 3252 νότον.
437 3189 455 3252 3
478 3187 533 3252 καὶ
556 3182 647 3251 είδον
668 3177 756 3301 πρὸς
772 3176 941 3263 άνατολὰς
963 3177 1049 3252 άλλο
1070 3171 1150 3266 όρος
1171 3174 1387 3269 ὑψηλότερον
1408 3177 1605 3252 τούτουκαὶ

295 3275 362 3351 άνὰ
392 3285 495 3368 μέσον
521 3277 638 3352 αὐτῶν
664 3277 842 3370 φάραγγαν
870 3288 1013 3366 βαθεῖαν
1042 3276 1104 3350 οόκ
1121 3283 1275 3396 ,ἔχουσαν
1304 3277 1445 3364 πλάτος,
1476 3285 1532 3350 καὶ
1562 3274 1603 3350 δι’

296 3374 401 3468 αάτής
431 3372 523 3468 ὕδωρ
552 3377 730 3468 πορεύεται
756 3375 920 3450 άποκάτιυ
951 3373 1019 3449 ὑπὸ
1046 3377 1087 3449 τό
1114 3371 1203 3470 ὄρος.
1249 3391 1270 3451 4
1292 3387 1349 3450 καὶ
1372 3379 1459 3466 πρὸς
1481 3377 1604 3465 δυσμάς

245 3501 280 3556 30
296 3477 424 3552 τούτου
439 3478 522 3550 ἄλλο
537 3471 618 3567 όρος
632 3474 876 3568 ταπεινότερον
892 3475 1068 3550 αὐτοῦκαὶ
1083 3473 1145 3550 οόκ
1161 3481 1239 3567 ἕχον
1252 3471 1342 3600 όιρος
1355 3485 1412 3549 καὶ
1427 3475 1604 3569 φάραγγαν

295 3587 436 3664 βαθεῖαν
466 3585 522 3648 καὶ
551 3577 654 3668 ξηρὰν
677 3575 742 3650 άνὰ
763 3584 866 3668 μέσον
891 3574 1085 3650 αὐτῶνκαὶ
1114 3576 1224 3667 ἄλλην
1255 3575 1431 3668 φάραγγαν
1460 3585 1603 3663 βαθεῖαν

367 4360 384 4416 7
400 4362 557 4428 απεκρειθη
569 4359 591 4414 Ρ
606 4360 611 4422 Ι
625 4352 709 4428 Ἑνὼχ
721 4357 813 4430 λέγων
824 4365 857 4424 -Ι-
870 4363 895 4415 Δ
909 4361 914 4428 1
929 4360 948 4416 9
963 4361 1123 4428 καθειζειΡ
1137 4359 1284 4416 καθίσειθ
1299 4361 1303 4426 Ι
1321 4359 1358 4415 13
1372 4355 1403 4414 έν
1414 4347 1431 4430 ᾖ
1443 4359 1476 4430 D]
1493 4375 1519 4414 ει
1531 4378 1548 4429 η
1560 4358 1582 4413 Ρ

294 4446 476 4507 κατελειονοις
494 4441 514 4496 P
529 4445 533 4506 Ι
551 4443 589 4499 15
606 4443 656 4499 καί
673 4439 713 4507 είς
724 4444 838 4514 βορρᾶν
850 4444 884 4513 A]
903 4442 942 4510 είς
953 4439 1048 4514 βορὰν
1065 4444 1172 4500 seheint
1189 4461 1222 4500 zu
1239 4443 1328 4513 hilgen
1346 4443 1385 4510 (ισ
1403 4443 1475 4500 auch
1491 4441 1577 4510 Diels)
1597 4447 1600 4508 Ι

167 4551 171 4556 ·
297 4529 334 4586 16
343 4531 477 4599 βασιλευς
487 4526 510 4582 Ρ
519 4527 593 4583 viell.
604 4529 682 4596 (τοῦ)
690 4526 833 4600 βασιλέως
846 4533 851 4596 Ι
868 4518 1078 4597 18ε1ε11.<ἢ>ή“ν
1092 4533 1097 4594 Ι
1113 4529 1151 4586 19
1160 4531 1245 4584 λῦπαι
1255 4528 1396 4592 -ῖ-αεσίιΔ
1410 4531 1414 4593 Ι
1431 4527 1470 4584 26
1480 4521 1600 4596 ρόσινΔ]

295 4614 374 4668 δυσιν
390 4612 412 4666 Ρ
429 4615 432 4681 Ι
449 4613 488 4670 28
506 4605 601 4668 αὐτῶν
619 4611 653 4681 Δ]
674 4629 762 4668 αυτου
779 4612 801 4666 Ρ
817 4615 821 4680 ί
837 4612 873 4670 31
894 4641 927 4652 -
944 4613 971 4667 S.
989 4615 1031 4680 ὅθ,
1046 4619 1061 4668 1
1081 4615 1204 4684 βαθεῖαν
1219 4613 1267 4668 καί
1285 4607 1385 4685 ξηρὰν]
1407 4605 1454 4668 ὕπ’
1471 4605 1549 4686 αὐτῷ
1567 4615 1600 4666 Δ.

1841 787 1843 902 ί
