3706 5544
312 449 351 511 32
857 437 934 492 Bueh
952 437 1075 492 Henoch.

310 613 440 675 λωνται
448 599 577 685 πάντες
587 605 619 672 σί
628 605 695 672 υἱοὶ
710 607 784 673 τῶν
799 598 1001 690 ἀνθρώπων
1016 605 1121 692 ἐντῷ
1136 597 1310 691 μυστηρίῳ
1326 594 1397 691 ύλφ
1413 593 1622 693 ᾧέπέτασαν

311 708 343 776 οἱ
361 700 539 793 ἐγρήγοροι
560 708 616 772 καὶ
638 705 824 790 ἐδί<δα>ξαν
845 701 927 786 τούς
947 700 1042 784 υἱούς
1063 697 1188 772 αύτῶν.
1224 711 1243 774 8
1265 707 1321 772 καὶ
1342 697 1511 792 ἠρημώθη
1531 707 1623 773 πᾶσα

311 800 388 894 ήγή
404 800 628 889 ἀφανισθεῖσα
642 805 680 873 ἐν
696 819 767 884 τοῖς
782 804 893 890 ἔργοις
908 807 970 892 τῆς
989 806 1204 885 διδασκαλίας
1224 797 1353 892 Ἀζαήλ,
1374 809 1431 873 καί
1453 796 1504 872 ἐπ’
1527 796 1621 890 αύτῷ

310 899 443 992 γράψον
473 901 536 983 τὰς
564 895 730 991 άμαρτίας
758 898 876 984 πάσας.
928 912 947 974 9
973 908 1030 973 καὶ
1060 907 1111 991 τῷ
1140 900 1289 991 Γαβριὴλ
1308 903 1416 982 ,εἶπεν
1449 897 1469 973 ύ
1494 900 1622 992 κύριος·

275 1015 292 1068 5
309 1000 457 1091 πορεύου
486 1005 540 1073 ἐπὶ
573 1001 654 1083 τοὺς
680 1008 865 1092 μαζηρίους
886 1005 941 1072 ἐπὶ
963 999 1044 1084 τούς
1064 998 1245 1090 κιβδήλους
1265 1011 1322 1072 καὶ
1343 1001 1425 1084 τούς
1446 999 1540 1084 υίοὺς
1561 1006 1623 1091 τῆς

309 1109 476 1189 πορνείας,
498 1106 555 1171 καί
577 1098 748 1174 άπάλεσον
771 1100 852 1184 τούς
873 1099 967 1183 υἱούς
988 1107 1062 1172 τῶν
1083 1097 1278 1190 ἐγρηγάρων
1299 1098 1368 1174 άπὸ
1390 1109 1465 1174 τοῖιν
1486 1099 1623 1190 άνθροί·

309 1229 396 1272 πων.
435 1207 574 1291 πέμφον
602 1195 727 1284 αύτούς
757 1205 794 1273 ἐν
824 1207 965 1290 πολέμῳ
988 1196 1168 1283 ἀπωλείας.
1211 1197 1381 1290 μακρότης
1402 1199 1464 1290 γάρ
1487 1197 1623 1290 ήμερῶν

309 1295 371 1370 ούκ
392 1301 485 1372 ἐστιν
506 1295 632 1372 αύτῶν.
680 1313 718 1374 10
740 1307 796 1372 καί
817 1307 909 1374 πᾶσα
936 1300 1100 1390 ἐρώτησις
1125 1296 1220 1389 (odae)
1247 1302 1340 1370 ἔστω
1361 1317 1433 1382 τοῖς
1453 1297 1623 1389 πατράσιν

310 1395 426 1470 αύτοόν
452 1405 610 1488 καὶπερὶ
640 1397 758 1472 αύτων
785 1395 840 1473 ὅτι
866 1405 1060 1488 ἐλπίζουσιν
1091 1405 1186 1490 ζήσαι
1208 1398 1302 1489 ζωὴν
1323 1396 1467 1471 αίοίνιον
1489 1407 1544 1472 καὶ
1566 1392 1623 1470 ὅτι

258 1511 292 1567 10
310 1496 445 1588 ζήσεται
480 1500 620 1582 ἕκαστος
656 1496 790 1572 1αύτιύν
825 1502 885 1590 ἐτη
919 1498 1135 1572 πεντακόσια.
1188 1513 1223 1571 11
1255 1507 1312 1572 καὶ
1342 1500 1447 1571 είπεν
1479 1496 1622 1588 Μιχαήλ,

308 1597 456 1686 πορεύου
485 1607 541 1673 καὶ
572 1605 678 1690 δῆσον
699 1606 870 1689 Σεμιαζᾶν
894 1606 951 1696 καὶ
973 1599 1054 1683 τούς
1075 1598 1217 1681 λοιπούς
1238 1598 1319 1682 τούς
1345 1599 1406 1669 σὺν
1432 1594 1526 1688 αύτῷ
1549 1616 1623 1680 ταῖς

307 1707 460 1786 γυναιξὶν
474 1707 632 1789 μιγέντας
644 1705 860 1789 μιανθῆναιέ
863 1729 882 1771 ν
898 1690 1015 1780 αύταις
1028 1702 1066 1768 ἐν
1081 1727 1124 1788 τη
1108 1690 1329 1790 ’ἀκαθαρσίᾳ
1344 1694 1470 1770 αύτῶν.
1508 1709 1545 1770 11
1566 1704 1623 1770 καὶ

309 1794 395 1872 ὅταν
422 1807 689 1889 κατασφαγῶσιν
719 1801 751 1872 οἱ
781 1802 848 1870 υίοί
878 1796 996 1870 αύτῶν
1026 1805 1083 1870 καὶ
1109 1803 1229 1870 ἴδωσιν
1254 1796 1319 1887 τὴν
1346 1794 1522 1870 άπιύλειαν
1549 1804 1623 1870 τῶν

307 1896 505 1988 ἀγαπητῶν,
522 1901 599 1989 [καί]
623 1903 727 1988 δῆσον
749 1895 874 1979 αύτούς
894 1894 1126 1987 ἐβδομήκοντα
1147 1897 1264 1987 γενεάς
1282 1897 1381 1980 είς
1343 1927 1405 1979 τας
1428 1895 1539 1980 νάπας
1561 1903 1623 1987 τῆς

257 2013 289 2068 15
307 2006 368 2089 γῆς
398 2005 490 2087 μέχρι
520 1995 808 2088 ἦμέραςιιρίσεως
830 1993 1024 2068 αὐτῶνκαὶ
1050 2002 1286 2086 συντελεσμοῦ,
1315 1999 1380 2079 ἕως
1407 2004 1553 2092 τελεσθῇ
1580 1996 1622 2070 τὸ

306 2119 407 2188 ιιρῑμα
422 2128 486 2171 του
470 2103 628 2179 αἰῶνος
642 2105 716 2171 τῶν
732 2097 878 2170 αἰώνων.
917 2107 954 2170 13
970 2094 1052 2169 τότε
1068 2093 1326 2186 άπαγθήσονται
1340 2094 1440 2180 είς
1401 2125 1445 2168 το
1459 2094 1541 2186 χάος
1560 2102 1622 2168 τοῦ

307 2196 416 2288 πυρὸς
427 2204 483 2269 καὶ
499 2198 599 2279 είς
562 2225 627 2287 την
640 2195 790 2281 βάσανον
804 2204 861 2267 καὶ
876 2193 973 2278 είς
937 2224 979 2266 το
995 2193 1229 2286 δεσμωτήριον
1250 2204 1471 2284 συγκλείσεως
1485 2203 1622 2278 αἰῶνος.

311 2309 348 2369 14
363 2291 446 2368 καὶ
434 2291 472 2380 άς
487 2293 530 2368 A»
544 2301 812 2386 κατα<δι>κασθῇ
825 2305 882 2368 καὶ
897 2291 1114 2384 άφανισθῇ,’
1093 2294 1161 2366 απὸ
1172 2302 1235 2368 τοῦ
1249 2303 1312 2367 νῦν
1326 2291 1398 2384 μετ’
1409 2293 1527 2368 αύτῶν
1537 2291 1622 2386 ύμοῦ

308 2394 514 2486 δεθήσονται
528 2403 624 2485 μέχρι
638 2395 846 2478 τελειωσεως
860 2399 984 2484 γενεᾶς.
1015 2407 1052 2466 15
1068 2388 1239 2468 άπάλεσον
1252 2392 1368 2467 πάντα
1383 2395 1427 2468 τὰ
1444 2395 1621 2486 πνεύματα

257 2509 291 2564 20
309 2503 383 2569 τῶν
407 2493 580 2584 κιβδήλων
606 2501 663 2567 καὶ
689 2495 771 2577 τούς
792 2493 888 2577 υἱούς
910 2501 984 2565 τῶν
1006 2491 1201 2584 ἐγρηγάρων
1221 2494 1276 2566 διά
1298 2524 1340 2567 το
1362 2492 1519 2585 άδικήσαι
1541 2493 1622 2576 τούς

307 2594 517 2684 ἀνθρώπους
570 2605 608 2667 16
638 2602 694 2665 καί
720 2590 893 2667 άπάλεσον
919 2593 985 2683 τήν
1009 2590 1142 2666 άδικίαν
1166 2600 1280 2666 πᾶσαν
1307 2590 1376 2668 άπὸ
1399 2600 1462 2684 τῆς
1485 2599 1544 2684 γῆς
1564 2599 1621 2664 καὶ

305 2703 376 2768 πᾶν
414 2697 512 2785 ἔργον
548 2700 713 2786 πονηρίας
747 2698 943 2778 ἐκλειπέτω,
983 2700 1040 2764 καὶ
1076 2690 1288 2784 άναφανήτω
1324 2692 1365 2766 τὸ
1406 2693 1520 2782 φυτὸν
1560 2697 1621 2781 τῆς

307 2791 520 2884 δικαιοσύνης
549 2799 605 2865 καί
635 2801 697 2884 τῆς
723 2788 887 2884 άληθείας
909 2819 928 2856 ι
950 2820 970 2854 ι
992 2820 1011 2856 ο
1033 2817 1053 2856 ⁴*
1082 2800 1130 2876 εἰς
1155 2793 1236 2876 τούς
1263 2799 1390 2877 αίῶνας
1411 2792 1497 2883 μετὰ
1517 2798 1621 2882 χαράς

306 2891 515 2980 φυτεύσεται
565 2905 602 2966 17
624 2902 680 2966 καί
710 2901 773 2966 νῦν
802 2891 931 2976 πάντες
960 2899 993 2966 οί
1020 2900 1142 2966 δίκαιοι
1164 2891 1387 2980 ἐκφεύξονται
1406 2899 1462 2964 καὶ
1485 2896 1620 2965 ἔσονται

252 3003 286 3060 25
306 3001 448 3079 ζῶντες,
487 2993 552 3077 ἐως
587 2991 794 3083 γεννήσωσιν
830 2991 994 3082 χιλιάδας,
1030 3002 1085 3066 καὶ
1119 2999 1224 3066 πᾶσαι
1246 2996 1281 3063 αἱ
1308 2987 1426 3082 ἡμέραι
1456 2990 1620 3081 νεότητος

305 3089 435 3178 αύτῶν,
462 3099 519 3163 καί
541 3091 584 3164 τά
606 3089 756 3178 σάββατα
779 3088 897 3165 αύτῶν
917 3091 1002 3183 μετὰ
1026 3091 1160 3184 εἰρήνης
1180 3091 1428 3182 πληρώσουσιν.
1474 3101 1513 3163 18
1536 3087 1617 3162 τότε

303 3247 468 3324 ἀνθρώπων
485 3257 537 3307 τοῦ
553 3255 711 3321 μιανθῆναι
728 3247 759 3307 ἐν
777 3249 882 3318 αὐταῖς·
893 3249 924 3308 ἐν
940 3258 975 3322 τῇ
993 3247 1157 3325 ἀκαθαρσίᾳ
1176 3247 1278 3305 αὐτῶν.
1312 3250 1362 3304 καί
1380 3245 1450 3305 ὅταν
1469 3265 1617 3318 κατασφα-

304 3341 392 3404 γῶσιν
410 3331 439 3391 σί
455 3331 512 3391 υἱοί
530 3333 690 3391 αὐτῶνκαὶ
708 3331 805 3392 δίωσιν
822 3339 872 3406 τὴν
884 3333 1030 3394 ἀπώλειαν
1044 3341 1102 3391 τῶν
1114 3331 1270 3406 ἀγαπητῶν
1288 3330 1389 3400 αὐτῶν,
1408 3335 1495 3402 δῆσον
1514 3330 1617 3398 αὐτούς

302 3415 349 3475 ἐπί
368 3414 564 3492 ἐβδομήκοντα
582 3417 684 3491 γενεὰς
701 3420 742 3486 είς
755 3419 807 3486 τὰς
824 3419 918 3487 νάπας
929 3427 978 3490 τῆς
990 3425 1041 3491 γῆς
1051 3419 1134 3492 μέχρι
1151 3417 1258 3490 ἡμέρας
1275 3419 1395 3490 κρίσεως
1413 3417 1515 3484 αὒϊῶνι
1532 3417 1617 3491 μέλθ

302 3501 410 3575 ἡμέρας
426 3501 599 3570 τελειώσεως
616 3508 763 3575 τελεσμοῦ,
776 3499 831 3571 ἕως
844 3509 1015 3575 σιντελεσθῇ
1025 3511 1114 3576 κρῖμα
1130 3509 1183 3559 τοῦ
1194 3499 1300 3568 αἰῶνος
1316 3507 1373 3558 τῶν
1392 3499 1516 3560 αἰώνων.
1549 3502 1615 3558 τότε

302 3585 548 3658 διανοηθήσονται
565 3587 605 3655 είς
622 3587 655 3643 τὸ
672 3587 745 3660 χάος
761 3597 814 3645 τοῦ
831 3589 920 3662 πυρὸς
931 3593 981 3646 καί
998 3588 1039 3656 εἰς
1049 3591 1099 3658 τὴν
1110 3586 1240 3660 βάσανον
1256 3588 1306 3642 καί
1317 3585 1359 3654 είς
1374 3585 1408 3642 τὸ
1422 3587 1615 3659 δεσμωτήριον

300 3677 350 3739 τῆς
372 3673 557 3743 συγκλείσεως
573 3680 626 3729 τοῦ
642 3671 756 3740 αἰῶνος.
785 3677 835 3730 καί
847 3671 880 3740 ὃς
897 3669 933 3731 ἂν
945 3678 1107 3746 κατακριθῇ
1123 3673 1172 3728 καί
1189 3668 1343 3742 ἀφανισθῇ,
1355 3668 1414 3728 ἀπὸ
1428 3679 1480 3730 τοῦ
1491 3679 1541 3728 νῦν
1553 3665 1615 3742 μετ’

301 3753 396 3812 αίτᾰιν
409 3754 482 3824 ὁμοῦ
495 3759 664 3828 δεθήσονται
681 3757 765 3830 μέχρι
783 3755 956 3825 τελειώσεως
973 3763 1075 3830 γενεᾶς
1092 3755 1194 3812 αὐτῶν.

385 3891 411 3946 X
430 3894 461 3946 17
480 3894 514 3948 cf.
532 3893 693 3948 Lactantius
710 3895 777 3948 Insa
796 3893 848 3947 VII
865 3895 906 3949 24.

385 4028 401 4082 1
422 4017 490 4125 ύλῳ
500 4049 523 4102 ῳ
512 4015 593 4083 ἐπί
579 4025 687 4084 ἐτασαν
705 4027 736 4098 G]
759 4028 818 4083 ολο)
837 4045 861 4082 ω
877 4030 1024 4094 επαταξαν
1039 4027 1062 4081 Ρ
1086 4015 1188 4082 ολον
1176 4044 1192 4080 ο
1188 4015 1358 4091 ἐπάταξαν
1375 4029 1400 4080 A
1422 4015 1515 4080 τίε11ά
1534 4019 1612 4096 λόγῳ

298 4107 444 4166 ἐπεταοαν
461 4101 490 4180 (δ’
511 4105 594 4167 εἶπον
619 4111 709 4182 Syna.)
734 4115 738 4182 1
762 4111 894 4178 θεδιξαν
910 4113 942 4181 P]
965 4111 1040 4166 verb.
1057 4110 1082 4164 D
1105 4113 1110 4178 Ι
1133 4109 1268 4166 4τωνΡ
1291 4111 1297 4178 Ι
1320 4110 1340 4167 8
1361 4106 1504 4182 ἐρώτησις
1521 4108 1611 4179 Syna]

298 4212 410 4265 εργεσις
426 4196 448 4249 Ρ
464 4198 468 4265 Ι
484 4189 539 4252 οδκ
556 4203 588 4260 -1-
606 4199 629 4251 A
650 4197 750 4267 Syna!
770 4195 789 4252 0
807 4199 874 4268 περί
892 4189 987 4252 αὐτῶν
1001 4205 1034 4255 <
1052 4196 1075 4248 A
1094 4195 1193 4263 Syna!
1214 4194 1253 4250 10
1271 4196 1346 4262 (τῶν
1367 4192 1453 4261 υἱῶν)
1472 4187 1584 4251 αδειῦνλ
1604 4194 1608 4262 1

300 4279 336 4334 11
357 4281 446 4348 δῆσον
466 4278 507 4349 (δέ
509 4281 660 4349 σμωσονθ)
679 4283 825 4349 Σεμιαζᾶν
841 4282 891 4335 καί
907 4273 976 4344 τοὺς
997 4271 1118 4342 λοιπούς
1134 4272 1202 4342 τοὺς
1222 4307 1256 4318 —·
1277 4276 1411 4349 μιγέντας
1427 4281 1500 4334 nach
1520 4279 1609 4350 Syna]

298 4365 430 4432 δηλωσον
451 4365 578 4432 Σεμιαζα
595 4368 645 4421 καί
669 4382 732 4429 τοις
749 4367 861 4428 λοιποις
878 4381 941 4428 τοις
961 4393 991 4404 -
1008 4381 1144 4433 μιγεντας
1160 4363 1218 4432 (sie)
1236 4363 1259 4417 P
1281 4364 1286 4431 Ι
1310 4364 1350 4419 14
1370 4365 1420 4419 καί
1437 4373 1471 4422 <
1489 4365 1512 4417 A
1531 4363 1610 4433 Syna.

298 4447 339 4502 01)
357 4443 541 4518 κατάδησον1
556 4451 561 4517 1
577 4450 615 4505 17
629 4467 665 4504 το
683 4450 732 4504 δεσ
750 4463 785 4502 το
798 4447 1008 4518 δεσμοτηριονΙ
1025 4447 1064 4502 18
1082 4435 1115 4511 ἐς
1132 4441 1169 4501 δν
1185 4447 1275 4517 Syna]
1293 4465 1365 4503 οταν
1378 4450 1384 4517 Ι
1399 4447 1608 4518 καταδικασθῇ]

297 4535 486 4600 κατακαυοθη
511 4531 533 4584 Ρ
557 4533 729 4602 κατακαῶ
752 4535 777 4586 A
800 4535 965 4604 κατακριθῇ
990 4531 1068 4600 Sync.
1084 4531 1089 4597 1
1108 4547 1199 4598 μεμετ
1218 4533 1224 4600 Ι
1243 4531 1280 4588 21
1300 4525 1360 4588 ἆπδ
1379 4525 1542 4604 προσώπου
1559 4537 1610 4601 τῆς

297 4619 348 4683 γῆς
364 4618 390 4669 A
404 4617 408 4682 Ι
424 4615 463 4672 23
481 4615 574 4670 Lfioke
591 4617 662 4670 nach
676 4620 701 4671 A
716 4619 721 4685 Ι
736 4617 777 4673 24
794 4611 1006 4688 φυταιθήσεται
1017 4615 1064 4670 Dc
